Row ID,Order ID,Order Date,Ship Date,Ship Mode,Customer ID,Customer Name,Segment,Country,City,State,Postal Code,Region,Product ID,Category,Sub-Category,Product Name,Sales,Quantity,Discount,Profit
7001,CA-2017-123687,5/26/2017,5/29/2017,First Class,KC-16675,Kimberly Carter,Corporate,United States,Louisville,Kentucky,40214,South,OFF-SU-10004498,Office Supplies,Supplies,Martin-Yale Premier Letter Opener,25.76,2,0,0.7728
7002,CA-2015-104871,3/30/2015,4/3/2015,Standard Class,DR-12940,Daniel Raglin,Home Office,United States,Normal,Illinois,61761,Central,FUR-CH-10003298,Furniture,Chairs,"Office Star - Contemporary Task Swivel chair with Loop Arms, Charcoal",366.744,4,0.3,-110.0232
7003,CA-2014-133158,8/19/2014,8/21/2014,Second Class,DW-13195,David Wiener,Corporate,United States,Los Angeles,California,90045,West,FUR-FU-10000723,Furniture,Furnishings,"Deflect-o EconoMat Studded, No Bevel Mat for Low Pile Carpeting",289.24,7,0,26.0316
7004,CA-2014-133158,8/19/2014,8/21/2014,Second Class,DW-13195,David Wiener,Corporate,United States,Los Angeles,California,90045,West,OFF-BI-10000632,Office Supplies,Binders,Satellite Sectional Post Binders,69.456,2,0.2,22.5732
7005,CA-2014-126333,12/23/2014,12/28/2014,Standard Class,ME-18010,Michelle Ellison,Corporate,United States,Port Arthur,Texas,77642,Central,OFF-PA-10000223,Office Supplies,Paper,Xerox 2000,5.184,1,0.2,1.8144
7006,CA-2015-141740,11/1/2015,11/5/2015,Standard Class,JF-15490,Jeremy Farry,Consumer,United States,New York City,New York,10009,East,FUR-CH-10001545,Furniture,Chairs,Hon Comfortask Task/Swivel Chairs,205.164,2,0.1,13.6776
7007,CA-2014-119466,12/15/2014,12/21/2014,Standard Class,SP-20860,Sung Pak,Corporate,United States,Chicago,Illinois,60623,Central,FUR-FU-10001546,Furniture,Furnishings,Dana Swing-Arm Lamps,8.544,2,0.6,-7.476
7008,CA-2015-154823,8/21/2015,8/25/2015,Standard Class,KN-16390,Katherine Nockton,Corporate,United States,Springfield,Ohio,45503,East,OFF-BI-10001098,Office Supplies,Binders,Acco D-Ring Binder w/DublLock,12.828,2,0.7,-8.9796
7009,CA-2015-154823,8/21/2015,8/25/2015,Standard Class,KN-16390,Katherine Nockton,Corporate,United States,Springfield,Ohio,45503,East,FUR-CH-10003379,Furniture,Chairs,Global Commerce Series High-Back Swivel/Tilt Chairs,598.458,3,0.3,-42.747
7010,CA-2015-154823,8/21/2015,8/25/2015,Standard Class,KN-16390,Katherine Nockton,Corporate,United States,Springfield,Ohio,45503,East,FUR-FU-10000193,Furniture,Furnishings,Tenex Chairmats For Use with Hard Floors,25.984,1,0.2,-3.8976
7011,US-2014-135881,5/23/2014,5/27/2014,Standard Class,GT-14710,Greg Tran,Consumer,United States,New York City,New York,10035,East,OFF-BI-10000829,Office Supplies,Binders,Avery Non-Stick Binders,17.96,5,0.2,5.837
7012,US-2014-135881,5/23/2014,5/27/2014,Standard Class,GT-14710,Greg Tran,Consumer,United States,New York City,New York,10035,East,OFF-SU-10003002,Office Supplies,Supplies,Letter Slitter,5.04,2,0,0.1512
7013,US-2014-135881,5/23/2014,5/27/2014,Standard Class,GT-14710,Greg Tran,Consumer,United States,New York City,New York,10035,East,OFF-AP-10002118,Office Supplies,Appliances,"1.7 Cubic Foot Compact ""Cube"" Office Refrigerators",208.16,1,0,56.2032
7014,CA-2017-141201,12/9/2017,12/11/2017,Second Class,DB-12910,Daniel Byrd,Home Office,United States,Salinas,California,93905,West,FUR-BO-10001519,Furniture,Bookcases,O'Sullivan 3-Shelf Heavy-Duty Bookcases,148.257,3,0.15,15.6978
7015,CA-2014-114790,3/11/2014,3/13/2014,Second Class,FM-14215,Filia McAdams,Corporate,United States,Richmond,Kentucky,40475,South,OFF-AP-10002578,Office Supplies,Appliances,"Fellowes Premier Superior Surge Suppressor, 10-Outlet, With Phone and Remote",146.76,3,0,38.1576
7016,CA-2014-114790,3/11/2014,3/13/2014,Second Class,FM-14215,Filia McAdams,Corporate,United States,Richmond,Kentucky,40475,South,TEC-AC-10000710,Technology,Accessories,Maxell DVD-RAM Discs,32.96,2,0,14.1728
7017,CA-2014-114790,3/11/2014,3/13/2014,Second Class,FM-14215,Filia McAdams,Corporate,United States,Richmond,Kentucky,40475,South,TEC-PH-10000984,Technology,Phones,Panasonic KX-TG9471B,587.97,3,0,164.6316
7018,CA-2014-114790,3/11/2014,3/13/2014,Second Class,FM-14215,Filia McAdams,Corporate,United States,Richmond,Kentucky,40475,South,OFF-PA-10000213,Office Supplies,Paper,Xerox 198,14.94,3,0,7.0218
7019,US-2016-154256,6/23/2016,6/27/2016,Second Class,SM-20005,Sally Matthias,Consumer,United States,New York City,New York,10035,East,OFF-LA-10003720,Office Supplies,Labels,Avery 487,25.83,7,0,12.1401
7020,CA-2014-124737,8/23/2014,8/27/2014,Standard Class,AP-10915,Arthur Prichep,Consumer,United States,Denver,Colorado,80219,West,OFF-PA-10001837,Office Supplies,Paper,Xerox 1976,15.552,3,0.2,5.4432
7021,CA-2014-124737,8/23/2014,8/27/2014,Standard Class,AP-10915,Arthur Prichep,Consumer,United States,Denver,Colorado,80219,West,OFF-SU-10004661,Office Supplies,Supplies,Acme Titanium Bonded Scissors,6.8,1,0.2,0.51
7022,CA-2014-124737,8/23/2014,8/27/2014,Standard Class,AP-10915,Arthur Prichep,Consumer,United States,Denver,Colorado,80219,West,FUR-FU-10003274,Furniture,Furnishings,Regeneration Desk Collection,4.224,3,0.2,1.2672
7023,CA-2014-124737,8/23/2014,8/27/2014,Standard Class,AP-10915,Arthur Prichep,Consumer,United States,Denver,Colorado,80219,West,TEC-PH-10000149,Technology,Phones,Cisco SPA525G2 IP Phone - Wireless,143.64,9,0.2,10.773
7024,CA-2014-124737,8/23/2014,8/27/2014,Standard Class,AP-10915,Arthur Prichep,Consumer,United States,Denver,Colorado,80219,West,OFF-PA-10000019,Office Supplies,Paper,Xerox 1931,31.104,6,0.2,10.8864
7025,CA-2014-124737,8/23/2014,8/27/2014,Standard Class,AP-10915,Arthur Prichep,Consumer,United States,Denver,Colorado,80219,West,OFF-PA-10001125,Office Supplies,Paper,Xerox 1988,223.056,9,0.2,69.705
7026,US-2017-101840,2/6/2017,2/12/2017,Standard Class,SP-20545,Sibella Parks,Corporate,United States,New York City,New York,10024,East,TEC-PH-10002538,Technology,Phones,Grandstream GXP1160 VoIP phone,227.46,6,0,65.9634
7027,US-2017-101840,2/6/2017,2/12/2017,Standard Class,SP-20545,Sibella Parks,Corporate,United States,New York City,New York,10024,East,OFF-BI-10000279,Office Supplies,Binders,"Acco Recycled 2"" Capacity Laser Printer Hanging Data Binders",46.24,4,0.2,15.606
7028,CA-2017-131653,1/29/2017,2/5/2017,Standard Class,RD-19585,Rob Dowd,Consumer,United States,New York City,New York,10011,East,OFF-LA-10001045,Office Supplies,Labels,Permanent Self-Adhesive File Folder Labels for Typewriters by Universal,5.22,2,0,2.4012
7029,US-2016-157840,12/20/2016,12/23/2016,Second Class,MC-17575,Matt Collins,Consumer,United States,Fremont,Nebraska,68025,Central,OFF-PA-10003673,Office Supplies,Paper,Strathmore Photo Mount Cards,33.9,5,0,15.594
7030,CA-2016-145548,11/11/2016,11/16/2016,Standard Class,EB-13750,Edward Becker,Corporate,United States,New York City,New York,10011,East,OFF-ST-10002562,Office Supplies,Storage,Staple magnet,28.14,3,0,7.8792
7031,CA-2016-145548,11/11/2016,11/16/2016,Standard Class,EB-13750,Edward Becker,Corporate,United States,New York City,New York,10011,East,TEC-AC-10002305,Technology,Accessories,KeyTronic E03601U1 - Keyboard - Beige,36,2,0,6.48
7032,CA-2016-145548,11/11/2016,11/16/2016,Standard Class,EB-13750,Edward Becker,Corporate,United States,New York City,New York,10011,East,OFF-AR-10003373,Office Supplies,Art,"Boston School Pro Electric Pencil Sharpener, 1670",92.94,3,0,25.0938
7033,CA-2016-145548,11/11/2016,11/16/2016,Standard Class,EB-13750,Edward Becker,Corporate,United States,New York City,New York,10011,East,FUR-CH-10003774,Furniture,Chairs,"Global Wood Trimmed Manager's Task Chair, Khaki",245.646,3,0.1,8.1882
7034,CA-2016-145548,11/11/2016,11/16/2016,Standard Class,EB-13750,Edward Becker,Corporate,United States,New York City,New York,10011,East,OFF-BI-10001510,Office Supplies,Binders,Deluxe Heavy-Duty Vinyl Round Ring Binder,55.008,3,0.2,17.19
7035,CA-2016-145548,11/11/2016,11/16/2016,Standard Class,EB-13750,Edward Becker,Corporate,United States,New York City,New York,10011,East,OFF-BI-10004236,Office Supplies,Binders,"XtraLife ClearVue Slant-D Ring Binder, White, 3""",35.232,3,0.2,11.4504
7036,CA-2017-119494,11/9/2017,11/13/2017,Standard Class,JE-15610,Jim Epp,Corporate,United States,San Diego,California,92105,West,FUR-CH-10004675,Furniture,Chairs,"Lifetime Advantage Folding Chairs, 4/Carton",523.392,3,0.2,52.3392
7037,CA-2014-124618,5/2/2014,5/4/2014,Second Class,CS-11860,Cari Schnelling,Consumer,United States,Lakeland,Florida,33801,South,TEC-CO-10004202,Technology,Copiers,Brother DCP1000 Digital 3 in 1 Multifunction Machine,479.984,2,0.2,89.997
7038,CA-2017-161970,9/22/2017,9/27/2017,Standard Class,PB-19105,Peter Bühler,Consumer,United States,Smyrna,Georgia,30080,South,OFF-PA-10004255,Office Supplies,Paper,Xerox 219,12.96,2,0,6.2208
7039,CA-2017-161970,9/22/2017,9/27/2017,Standard Class,PB-19105,Peter Bühler,Consumer,United States,Smyrna,Georgia,30080,South,OFF-AR-10003896,Office Supplies,Art,"Stride Job 150 Highlighters, Chisel Tip, Assorted Colors",17.94,3,0,6.4584
7040,CA-2017-103443,12/17/2017,12/23/2017,Standard Class,AT-10735,Annie Thurman,Consumer,United States,New York City,New York,10009,East,OFF-ST-10002276,Office Supplies,Storage,Safco Steel Mobile File Cart,166.72,2,0,41.68
7041,CA-2017-103443,12/17/2017,12/23/2017,Standard Class,AT-10735,Annie Thurman,Consumer,United States,New York City,New York,10009,East,OFF-BI-10001617,Office Supplies,Binders,GBC Wire Binding Combs,24.816,3,0.2,8.3754
7042,CA-2017-103443,12/17/2017,12/23/2017,Standard Class,AT-10735,Annie Thurman,Consumer,United States,New York City,New York,10009,East,FUR-FU-10000308,Furniture,Furnishings,Deflect-o Glass Clear Studded Chair Mats,124.36,2,0,27.3592
7043,US-2017-165358,7/18/2017,7/23/2017,Standard Class,SV-20365,Seth Vernon,Consumer,United States,Philadelphia,Pennsylvania,19134,East,TEC-CO-10001943,Technology,Copiers,Canon PC-428 Personal Copier,599.97,5,0.4,69.9965
7044,US-2017-165358,7/18/2017,7/23/2017,Standard Class,SV-20365,Seth Vernon,Consumer,United States,Philadelphia,Pennsylvania,19134,East,FUR-CH-10002647,Furniture,Chairs,"Situations Contoured Folding Chairs, 4/Set",198.744,4,0.3,-14.196
7045,US-2017-165358,7/18/2017,7/23/2017,Standard Class,SV-20365,Seth Vernon,Consumer,United States,Philadelphia,Pennsylvania,19134,East,OFF-SU-10004768,Office Supplies,Supplies,Acme Kleencut Forged Steel Scissors,9.184,2,0.2,1.148
7046,CA-2016-160136,11/3/2016,11/9/2016,Standard Class,PJ-18835,Patrick Jones,Corporate,United States,Dallas,Texas,75217,Central,OFF-PA-10002160,Office Supplies,Paper,Xerox 1978,9.248,2,0.2,3.3524
7047,CA-2014-150581,4/8/2014,4/12/2014,Standard Class,NM-18445,Nathan Mautz,Home Office,United States,Concord,California,94521,West,FUR-TA-10003748,Furniture,Tables,Bevis 36 x 72 Conference Tables,99.592,1,0.2,2.4898
7048,CA-2014-150581,4/8/2014,4/12/2014,Standard Class,NM-18445,Nathan Mautz,Home Office,United States,Concord,California,94521,West,TEC-AC-10001908,Technology,Accessories,Logitech Wireless Headset h800,399.96,4,0,139.986
7049,CA-2016-119515,8/14/2016,8/16/2016,First Class,TR-21325,Toby Ritter,Consumer,United States,Nashville,Tennessee,37211,South,OFF-PA-10000552,Office Supplies,Paper,Xerox 200,15.552,3,0.2,5.4432
7050,CA-2014-141355,9/25/2014,9/30/2014,Standard Class,BF-11005,Barry Franz,Home Office,United States,Aurora,Colorado,80013,West,OFF-AR-10003179,Office Supplies,Art,Dixon Ticonderoga Core-Lock Colored Pencils,14.576,2,0.2,2.3686
7051,CA-2016-165330,12/11/2016,12/11/2016,Same Day,WB-21850,William Brown,Consumer,United States,Anaheim,California,92804,West,OFF-BI-10004593,Office Supplies,Binders,Ibico Laser Imprintable Binding System Covers,209.6,5,0.2,68.12
7052,CA-2016-165330,12/11/2016,12/11/2016,Same Day,WB-21850,William Brown,Consumer,United States,Anaheim,California,92804,West,OFF-AR-10000914,Office Supplies,Art,Boston 16765 Mini Stand Up Battery Pencil Sharpener,23.32,2,0,6.0632
7053,CA-2016-165330,12/11/2016,12/11/2016,Same Day,WB-21850,William Brown,Consumer,United States,Anaheim,California,92804,West,OFF-PA-10000241,Office Supplies,Paper,"IBM Multi-Purpose Copy Paper, 8 1/2 x 11"", Case",30.98,1,0,13.941
7054,CA-2016-165330,12/11/2016,12/11/2016,Same Day,WB-21850,William Brown,Consumer,United States,Anaheim,California,92804,West,TEC-AC-10000057,Technology,Accessories,Microsoft Natural Ergonomic Keyboard 4000,119.96,4,0,25.1916
7055,CA-2016-165330,12/11/2016,12/11/2016,Same Day,WB-21850,William Brown,Consumer,United States,Anaheim,California,92804,West,FUR-CH-10003774,Furniture,Chairs,"Global Wood Trimmed Manager's Task Chair, Khaki",363.92,5,0.2,-31.843
7056,CA-2016-165330,12/11/2016,12/11/2016,Same Day,WB-21850,William Brown,Consumer,United States,Anaheim,California,92804,West,OFF-BI-10002824,Office Supplies,Binders,Recycled Easel Ring Binders,35.808,3,0.2,11.19
7057,CA-2016-165330,12/11/2016,12/11/2016,Same Day,WB-21850,William Brown,Consumer,United States,Anaheim,California,92804,West,OFF-BI-10004001,Office Supplies,Binders,GBC Recycled VeloBinder Covers,122.688,9,0.2,39.8736
7058,CA-2016-165330,12/11/2016,12/11/2016,Same Day,WB-21850,William Brown,Consumer,United States,Anaheim,California,92804,West,FUR-TA-10004619,Furniture,Tables,Hon Non-Folding Utility Tables,892.136,7,0.2,111.517
7059,CA-2016-165330,12/11/2016,12/11/2016,Same Day,WB-21850,William Brown,Consumer,United States,Anaheim,California,92804,West,OFF-ST-10000636,Office Supplies,Storage,Rogers Profile Extra Capacity Storage Tub,50.22,3,0,2.0088
7060,CA-2016-165330,12/11/2016,12/11/2016,Same Day,WB-21850,William Brown,Consumer,United States,Anaheim,California,92804,West,OFF-AP-10001469,Office Supplies,Appliances,Fellowes 8 Outlet Superior Workstation Surge Protector,83.42,2,0,24.1918
7061,CA-2016-165330,12/11/2016,12/11/2016,Same Day,WB-21850,William Brown,Consumer,United States,Anaheim,California,92804,West,OFF-BI-10002897,Office Supplies,Binders,"Black Avery Memo-Size 3-Ring Binder, 5 1/2"" x 8 1/2""",5.872,2,0.2,2.1286
7062,CA-2015-132633,2/3/2015,2/5/2015,Second Class,KH-16630,Ken Heidel,Corporate,United States,Pleasant Grove,Utah,84062,West,OFF-BI-10002432,Office Supplies,Binders,Wilson Jones Standard D-Ring Binders,12.144,3,0.2,4.0986
7063,CA-2016-157742,12/29/2016,12/31/2016,Second Class,KL-16645,Ken Lonsdale,Consumer,United States,Springfield,Oregon,97477,West,OFF-EN-10002592,Office Supplies,Envelopes,"Peel & Seel Recycled Catalog Envelopes, Brown",27.792,3,0.2,10.422
7064,CA-2017-127712,8/31/2017,9/5/2017,Standard Class,MG-17890,Michael Granlund,Home Office,United States,Salem,Oregon,97301,West,OFF-SU-10002522,Office Supplies,Supplies,Acme Kleen Earth Office Shears,6.208,2,0.2,0.6984
7065,CA-2017-169474,2/4/2017,2/9/2017,Standard Class,JF-15355,Jay Fein,Consumer,United States,Rochester,New York,14609,East,OFF-AP-10003971,Office Supplies,Appliances,Belkin 6 Outlet Metallic Surge Strip,32.67,3,0,8.4942
7066,CA-2014-106726,12/6/2014,12/8/2014,First Class,RS-19765,Roland Schwarz,Corporate,United States,Los Angeles,California,90008,West,OFF-ST-10001496,Office Supplies,Storage,Standard Rollaway File with Lock,1261.33,7,0,327.9458
7067,CA-2016-147473,5/30/2016,6/3/2016,Standard Class,NL-18310,Nancy Lomonaco,Home Office,United States,Los Angeles,California,90049,West,OFF-PA-10004782,Office Supplies,Paper,Xerox 228,38.88,6,0,18.6624
7068,CA-2016-114209,5/21/2016,5/26/2016,Standard Class,AS-10285,Alejandro Savely,Corporate,United States,Dallas,Texas,75081,Central,OFF-BI-10000343,Office Supplies,Binders,"Pressboard Covers with Storage Hooks, 9 1/2"" x 11"", Light Blue",1.964,2,0.8,-3.2406
7069,CA-2016-114209,5/21/2016,5/26/2016,Standard Class,AS-10285,Alejandro Savely,Corporate,United States,Dallas,Texas,75081,Central,OFF-PA-10003591,Office Supplies,Paper,Southworth 100% Cotton The Best Paper,82.656,9,0.2,30.996
7070,CA-2014-141901,8/9/2014,8/14/2014,Standard Class,GM-14500,Gene McClure,Consumer,United States,Fresno,California,93727,West,OFF-PA-10001667,Office Supplies,Paper,Great White Multi-Use Recycled Paper (20Lb. and 84 Bright),5.98,1,0,2.691
7071,CA-2016-164490,9/5/2016,9/10/2016,Second Class,SU-20665,Stephanie Ulpright,Home Office,United States,Chicago,Illinois,60653,Central,OFF-PA-10004971,Office Supplies,Paper,Xerox 196,9.248,2,0.2,3.3524
7072,CA-2016-112256,7/23/2016,7/28/2016,Standard Class,CK-12205,Chloris Kastensmidt,Consumer,United States,Mcallen,Texas,78501,Central,OFF-AR-10001216,Office Supplies,Art,Newell 339,4.448,2,0.2,0.3336
7073,CA-2016-112256,7/23/2016,7/28/2016,Standard Class,CK-12205,Chloris Kastensmidt,Consumer,United States,Mcallen,Texas,78501,Central,OFF-PA-10004355,Office Supplies,Paper,Xerox 231,5.184,1,0.2,1.8144
7074,CA-2016-112256,7/23/2016,7/28/2016,Standard Class,CK-12205,Chloris Kastensmidt,Consumer,United States,Mcallen,Texas,78501,Central,OFF-AR-10001953,Office Supplies,Art,Boston 1645 Deluxe Heavier-Duty Electric Pencil Sharpener,175.92,5,0.2,15.393
7075,CA-2016-112256,7/23/2016,7/28/2016,Standard Class,CK-12205,Chloris Kastensmidt,Consumer,United States,Mcallen,Texas,78501,Central,OFF-BI-10004364,Office Supplies,Binders,Storex Dura Pro Binders,4.752,4,0.8,-8.316
7076,CA-2016-112256,7/23/2016,7/28/2016,Standard Class,CK-12205,Chloris Kastensmidt,Consumer,United States,Mcallen,Texas,78501,Central,OFF-SU-10001165,Office Supplies,Supplies,Acme Elite Stainless Steel Scissors,13.344,2,0.2,1.0008
7077,CA-2016-167416,5/12/2016,5/17/2016,Standard Class,JM-15580,Jill Matthias,Consumer,United States,Seattle,Washington,98105,West,OFF-EN-10001141,Office Supplies,Envelopes,"Manila Recycled Extra-Heavyweight Clasp Envelopes, 6"" x 9""",54.9,5,0,26.901
7078,CA-2016-106950,9/2/2016,9/6/2016,Standard Class,JE-15715,Joe Elijah,Consumer,United States,Charlotte,North Carolina,28205,South,OFF-BI-10000014,Office Supplies,Binders,Heavy-Duty E-Z-D Binders,22.911,7,0.7,-17.5651
7079,CA-2016-106950,9/2/2016,9/6/2016,Standard Class,JE-15715,Joe Elijah,Consumer,United States,Charlotte,North Carolina,28205,South,OFF-AP-10000159,Office Supplies,Appliances,Belkin F9M820V08 8 Outlet Surge,309.456,9,0.2,34.8138
7080,CA-2016-106950,9/2/2016,9/6/2016,Standard Class,JE-15715,Joe Elijah,Consumer,United States,Charlotte,North Carolina,28205,South,OFF-AR-10003560,Office Supplies,Art,Zebra Zazzle Fluorescent Highlighters,19.456,4,0.2,3.4048
7081,CA-2016-106950,9/2/2016,9/6/2016,Standard Class,JE-15715,Joe Elijah,Consumer,United States,Charlotte,North Carolina,28205,South,FUR-TA-10001768,Furniture,Tables,Hon Racetrack Conference Tables,472.518,3,0.4,-149.6307
7082,CA-2016-106950,9/2/2016,9/6/2016,Standard Class,JE-15715,Joe Elijah,Consumer,United States,Charlotte,North Carolina,28205,South,TEC-AC-10002049,Technology,Accessories,Plantronics Savi W720 Multi-Device Wireless Headset System,1012.68,3,0.2,303.804
7083,CA-2016-106950,9/2/2016,9/6/2016,Standard Class,JE-15715,Joe Elijah,Consumer,United States,Charlotte,North Carolina,28205,South,OFF-BI-10003166,Office Supplies,Binders,GBC Plasticlear Binding Covers,17.22,5,0.7,-12.628
7084,CA-2017-118724,7/21/2017,7/25/2017,Second Class,AR-10825,Anthony Rawles,Corporate,United States,Concord,California,94521,West,OFF-AR-10003469,Office Supplies,Art,Nontoxic Chalk,3.52,2,0,1.6896
7085,CA-2017-118724,7/21/2017,7/25/2017,Second Class,AR-10825,Anthony Rawles,Corporate,United States,Concord,California,94521,West,TEC-PH-10002549,Technology,Phones,Polycom SoundPoint IP 450 VoIP phone,1626.192,9,0.2,121.9644
7086,CA-2017-112004,9/25/2017,9/28/2017,First Class,AH-10075,Adam Hart,Corporate,United States,Chester,Pennsylvania,19013,East,OFF-BI-10003476,Office Supplies,Binders,Avery Metallic Poly Binders,8.595,5,0.7,-6.303
7087,CA-2017-112004,9/25/2017,9/28/2017,First Class,AH-10075,Adam Hart,Corporate,United States,Chester,Pennsylvania,19013,East,OFF-SU-10000157,Office Supplies,Supplies,Compact Automatic Electric Letter Opener,190.896,2,0.2,-42.9516
7088,US-2017-143175,8/3/2017,8/6/2017,Second Class,GA-14515,George Ashbrook,Consumer,United States,Los Angeles,California,90004,West,OFF-ST-10003123,Office Supplies,Storage,Fellowes Bases and Tops For Staxonsteel/High-Stak Systems,99.87,3,0,23.9688
7089,CA-2015-105844,10/25/2015,10/27/2015,Second Class,JF-15415,Jennifer Ferguson,Consumer,United States,Sparks,Nevada,89431,West,OFF-AR-10001955,Office Supplies,Art,Newell 319,79.36,4,0,23.808
7090,CA-2017-118864,6/15/2017,6/19/2017,Second Class,KH-16690,Kristen Hastings,Corporate,United States,Los Angeles,California,90032,West,TEC-PH-10001809,Technology,Phones,Panasonic KX T7736-B Digital phone,119.96,1,0.2,7.4975
7091,CA-2015-119480,1/9/2015,1/13/2015,Standard Class,CC-12685,Craig Carroll,Consumer,United States,Henderson,Kentucky,42420,South,OFF-PA-10000474,Office Supplies,Paper,Easy-staple paper,106.32,3,0,49.9704
7092,CA-2015-119480,1/9/2015,1/13/2015,Standard Class,CC-12685,Craig Carroll,Consumer,United States,Henderson,Kentucky,42420,South,OFF-AP-10001205,Office Supplies,Appliances,Belkin 5 Outlet SurgeMaster Power Centers,163.44,3,0,45.7632
7093,CA-2015-119480,1/9/2015,1/13/2015,Standard Class,CC-12685,Craig Carroll,Consumer,United States,Henderson,Kentucky,42420,South,OFF-AR-10004691,Office Supplies,Art,Boston 1730 StandUp Electric Pencil Sharpener,42.76,2,0,11.1176
7094,CA-2015-119480,1/9/2015,1/13/2015,Standard Class,CC-12685,Craig Carroll,Consumer,United States,Henderson,Kentucky,42420,South,OFF-PA-10004996,Office Supplies,Paper,"Speediset Carbonless Redi-Letter 7"" x 8 1/2""",51.55,5,0,24.2285
7095,US-2015-153374,2/9/2015,2/13/2015,Second Class,JF-15565,Jill Fjeld,Consumer,United States,Decatur,Illinois,62521,Central,TEC-AC-10001908,Technology,Accessories,Logitech Wireless Headset h800,479.952,6,0.2,89.991
7096,CA-2016-101980,8/19/2016,8/20/2016,First Class,RP-19390,Resi Pölking,Consumer,United States,New York City,New York,10009,East,OFF-BI-10000666,Office Supplies,Binders,Surelock Post Binders,146.688,6,0.2,55.008
7097,CA-2016-101980,8/19/2016,8/20/2016,First Class,RP-19390,Resi Pölking,Consumer,United States,New York City,New York,10009,East,OFF-BI-10004318,Office Supplies,Binders,Ibico EB-19 Dual Function Manual Binding System,276.784,2,0.2,89.9548
7098,CA-2016-101980,8/19/2016,8/20/2016,First Class,RP-19390,Resi Pölking,Consumer,United States,New York City,New York,10009,East,OFF-BI-10003429,Office Supplies,Binders,"Cardinal HOLDit! Binder Insert Strips,Extra Strips",25.32,5,0.2,9.1785
7099,CA-2017-144596,11/6/2017,11/10/2017,Standard Class,CD-11980,Carol Darley,Consumer,United States,New York City,New York,10011,East,OFF-PA-10003302,Office Supplies,Paper,Xerox 1906,318.96,9,0,149.9112
7100,CA-2015-124933,12/26/2015,12/30/2015,Second Class,DF-13135,David Flashing,Consumer,United States,New York City,New York,10009,East,OFF-PA-10003302,Office Supplies,Paper,Xerox 1906,212.64,6,0,99.9408
7101,CA-2014-159625,11/23/2014,11/28/2014,Standard Class,SM-20005,Sally Matthias,Consumer,United States,Scottsdale,Arizona,85254,West,OFF-EN-10002621,Office Supplies,Envelopes,Staple envelope,23.472,3,0.2,8.802
7102,CA-2016-144337,8/1/2016,8/5/2016,Second Class,SG-20890,Susan Gilcrest,Corporate,United States,Amarillo,Texas,79109,Central,OFF-PA-10000249,Office Supplies,Paper,Easy-staple paper,19.648,2,0.2,6.6312
7103,CA-2014-117478,9/21/2014,9/24/2014,First Class,LH-16750,Larry Hughes,Consumer,United States,Philadelphia,Pennsylvania,19140,East,OFF-BI-10000050,Office Supplies,Binders,"Angle-D Binders with Locking Rings, Label Holders",6.57,3,0.7,-5.037
7104,CA-2017-147410,9/4/2017,9/8/2017,Standard Class,EJ-14155,Eva Jacobs,Consumer,United States,Santa Ana,California,92704,West,OFF-ST-10003805,Office Supplies,Storage,"24 Capacity Maxi Data Binder Racks, Pearl",421.1,2,0,105.275
7105,CA-2017-128944,6/19/2017,6/21/2017,Second Class,KH-16330,Katharine Harms,Corporate,United States,Newark,Ohio,43055,East,FUR-CH-10000785,Furniture,Chairs,Global Ergonomic Managers Chair,760.116,6,0.3,-43.4352
7106,CA-2017-128944,6/19/2017,6/21/2017,Second Class,KH-16330,Katharine Harms,Corporate,United States,Newark,Ohio,43055,East,FUR-FU-10004909,Furniture,Furnishings,Contemporary Wood/Metal Frame,38.784,3,0.2,7.272
7107,CA-2017-128944,6/19/2017,6/21/2017,Second Class,KH-16330,Katharine Harms,Corporate,United States,Newark,Ohio,43055,East,TEC-AC-10001553,Technology,Accessories,"Memorex 25GB 6X Branded Blu-Ray Recordable Disc, 15/Pack",122.328,9,0.2,1.5291
7108,CA-2016-109666,4/19/2016,4/26/2016,Standard Class,KM-16720,Kunst Miller,Consumer,United States,New York City,New York,10035,East,TEC-PH-10004774,Technology,Phones,Gear Head AU3700S Headset,25.98,2,0,0.7794
7109,CA-2016-109666,4/19/2016,4/26/2016,Standard Class,KM-16720,Kunst Miller,Consumer,United States,New York City,New York,10035,East,OFF-AR-10004582,Office Supplies,Art,BIC Brite Liner Grip Highlighters,3.28,2,0,1.476
7110,CA-2016-109666,4/19/2016,4/26/2016,Standard Class,KM-16720,Kunst Miller,Consumer,United States,New York City,New York,10035,East,OFF-ST-10000991,Office Supplies,Storage,Space Solutions HD Industrial Steel Shelving.,459.88,4,0,13.7964
7111,CA-2016-109666,4/19/2016,4/26/2016,Standard Class,KM-16720,Kunst Miller,Consumer,United States,New York City,New York,10035,East,OFF-SU-10002522,Office Supplies,Supplies,Acme Kleen Earth Office Shears,7.76,2,0,2.2504
7112,CA-2016-109666,4/19/2016,4/26/2016,Standard Class,KM-16720,Kunst Miller,Consumer,United States,New York City,New York,10035,East,OFF-AR-10004022,Office Supplies,Art,Panasonic KP-380BK Classic Electric Pencil Sharpener,71.96,2,0,17.99
7113,CA-2016-109666,4/19/2016,4/26/2016,Standard Class,KM-16720,Kunst Miller,Consumer,United States,New York City,New York,10035,East,OFF-SU-10001218,Office Supplies,Supplies,Fiskars Softgrip Scissors,54.9,5,0,15.372
7114,CA-2016-109666,4/19/2016,4/26/2016,Standard Class,KM-16720,Kunst Miller,Consumer,United States,New York City,New York,10035,East,OFF-BI-10000174,Office Supplies,Binders,"Wilson Jones Clip & Carry Folder Binder Tool for Ring Binders, Clear",9.28,2,0.2,3.248
7115,US-2016-102239,5/5/2016,5/6/2016,First Class,LW-16990,Lindsay Williams,Corporate,United States,Henderson,Nevada,89015,West,FUR-TA-10003392,Furniture,Tables,Global Adaptabilities Conference Tables,1685.88,6,0,320.3172
7116,US-2016-102239,5/5/2016,5/6/2016,First Class,LW-16990,Lindsay Williams,Corporate,United States,Henderson,Nevada,89015,West,OFF-BI-10001890,Office Supplies,Binders,Avery Poly Binder Pockets,5.728,2,0.2,2.0048
7117,CA-2014-143168,10/18/2014,10/23/2014,Second Class,IG-15085,Ivan Gibson,Consumer,United States,Seattle,Washington,98103,West,OFF-PA-10000167,Office Supplies,Paper,Xerox 1925,61.96,2,0,27.882
7118,CA-2014-143168,10/18/2014,10/23/2014,Second Class,IG-15085,Ivan Gibson,Consumer,United States,Seattle,Washington,98103,West,OFF-BI-10003784,Office Supplies,Binders,Computer Printout Index Tabs,1.344,1,0.2,0.4704
7119,CA-2017-104906,2/13/2017,2/17/2017,Standard Class,JP-15460,Jennifer Patt,Corporate,United States,New York City,New York,10009,East,OFF-PA-10001184,Office Supplies,Paper,Xerox 1903,17.94,3,0,8.7906
7120,CA-2017-118122,11/17/2017,11/24/2017,Standard Class,GG-14650,Greg Guthrie,Corporate,United States,Seattle,Washington,98103,West,OFF-BI-10002103,Office Supplies,Binders,"Cardinal Slant-D Ring Binder, Heavy Gauge Vinyl",13.904,2,0.2,4.5188
7121,US-2014-147774,1/20/2014,1/26/2014,Standard Class,MM-18280,Muhammed MacIntyre,Corporate,United States,Smyrna,Tennessee,37167,South,OFF-BI-10003091,Office Supplies,Binders,GBC DocuBind TL200 Manual Binding Machine,67.194,1,0.7,-51.5154
7122,CA-2017-166926,12/1/2017,12/8/2017,Standard Class,SO-20335,Sean O'Donnell,Consumer,United States,Seattle,Washington,98105,West,OFF-PA-10001593,Office Supplies,Paper,Xerox 1947,41.86,7,0,18.837
7123,CA-2017-166926,12/1/2017,12/8/2017,Standard Class,SO-20335,Sean O'Donnell,Consumer,United States,Seattle,Washington,98105,West,FUR-BO-10002598,Furniture,Bookcases,"Hon Metal Bookcases, Putty",141.96,2,0,41.1684
7124,CA-2015-128013,8/9/2015,8/16/2015,Standard Class,MF-18250,Monica Federle,Corporate,United States,New York City,New York,10035,East,FUR-FU-10000320,Furniture,Furnishings,OIC Stacking Trays,10.02,3,0,4.4088
7125,CA-2015-128013,8/9/2015,8/16/2015,Standard Class,MF-18250,Monica Federle,Corporate,United States,New York City,New York,10035,East,OFF-PA-10001815,Office Supplies,Paper,Xerox 1885,144.12,3,0,69.1776
7126,CA-2016-123176,9/27/2016,9/29/2016,Second Class,JG-15160,James Galang,Consumer,United States,Atlanta,Georgia,30318,South,OFF-PA-10003971,Office Supplies,Paper,Xerox 1965,17.94,3,0,8.7906
7127,CA-2016-123176,9/27/2016,9/29/2016,Second Class,JG-15160,James Galang,Consumer,United States,Atlanta,Georgia,30318,South,OFF-AR-10004685,Office Supplies,Art,"Binney & Smith Crayola Metallic Colored Pencils, 8-Color Set",13.89,3,0,4.5837
7128,US-2016-117541,11/14/2016,11/20/2016,Standard Class,JM-16195,Justin MacKendrick,Consumer,United States,Newark,Delaware,19711,East,OFF-PA-10001609,Office Supplies,Paper,Tops Wirebound Message Log Books,16.45,5,0,7.567
7129,US-2016-117541,11/14/2016,11/20/2016,Standard Class,JM-16195,Justin MacKendrick,Consumer,United States,Newark,Delaware,19711,East,FUR-FU-10000550,Furniture,Furnishings,Stacking Trays by OIC,19.92,4,0,6.5736
7130,CA-2016-166282,4/16/2016,4/22/2016,Standard Class,PK-19075,Pete Kriz,Consumer,United States,Nashville,Tennessee,37211,South,TEC-AC-10004209,Technology,Accessories,Memorex Froggy Flash Drive 4 GB,35.168,4,0.2,8.3524
7131,CA-2016-166282,4/16/2016,4/22/2016,Standard Class,PK-19075,Pete Kriz,Consumer,United States,Nashville,Tennessee,37211,South,OFF-PA-10003022,Office Supplies,Paper,Standard Line “While You Were Out” Hardbound Telephone Message Book,123.088,7,0.2,40.0036
7132,CA-2017-141439,11/26/2017,12/1/2017,Standard Class,TT-21460,Tonja Turnell,Home Office,United States,Richmond,Indiana,47374,Central,FUR-TA-10001039,Furniture,Tables,KI Adjustable-Height Table,257.94,3,0,67.0644
7133,CA-2017-141439,11/26/2017,12/1/2017,Standard Class,TT-21460,Tonja Turnell,Home Office,United States,Richmond,Indiana,47374,Central,TEC-PH-10002624,Technology,Phones,Samsung Galaxy S4 Mini,1879.96,4,0,545.1884
7134,CA-2017-141439,11/26/2017,12/1/2017,Standard Class,TT-21460,Tonja Turnell,Home Office,United States,Richmond,Indiana,47374,Central,FUR-FU-10001473,Furniture,Furnishings,DAX Wood Document Frame,27.46,2,0,9.8856
7135,CA-2017-141439,11/26/2017,12/1/2017,Standard Class,TT-21460,Tonja Turnell,Home Office,United States,Richmond,Indiana,47374,Central,TEC-PH-10001819,Technology,Phones,Innergie mMini Combo Duo USB Travel Charging Kit,89.98,2,0,43.1904
7136,CA-2017-141439,11/26/2017,12/1/2017,Standard Class,TT-21460,Tonja Turnell,Home Office,United States,Richmond,Indiana,47374,Central,FUR-CH-10004287,Furniture,Chairs,SAFCO Arco Folding Chair,828.6,3,0,240.294
7137,CA-2015-163965,11/20/2015,11/27/2015,Standard Class,SS-20875,Sung Shariari,Consumer,United States,Miami,Florida,33180,South,OFF-BI-10004728,Office Supplies,Binders,Wilson Jones Turn Tabs Binder Tool for Ring Binders,7.23,5,0.7,-5.784
7138,CA-2015-163965,11/20/2015,11/27/2015,Standard Class,SS-20875,Sung Shariari,Consumer,United States,Miami,Florida,33180,South,OFF-ST-10000918,Office Supplies,Storage,Crate-A-Files,17.44,2,0.2,1.308
7139,CA-2015-163965,11/20/2015,11/27/2015,Standard Class,SS-20875,Sung Shariari,Consumer,United States,Miami,Florida,33180,South,OFF-BI-10004593,Office Supplies,Binders,Ibico Laser Imprintable Binding System Covers,62.88,4,0.7,-50.304
7140,CA-2015-163965,11/20/2015,11/27/2015,Standard Class,SS-20875,Sung Shariari,Consumer,United States,Miami,Florida,33180,South,FUR-BO-10001337,Furniture,Bookcases,O'Sullivan Living Dimensions 2-Shelf Bookcases,290.352,3,0.2,-36.294
7141,CA-2017-128783,9/7/2017,9/7/2017,Same Day,TG-21640,Trudy Glocke,Consumer,United States,Saint Charles,Missouri,63301,Central,TEC-AC-10002473,Technology,Accessories,Maxell 4.7GB DVD-R,113.52,4,0,46.5432
7142,CA-2017-128783,9/7/2017,9/7/2017,Same Day,TG-21640,Trudy Glocke,Consumer,United States,Saint Charles,Missouri,63301,Central,FUR-FU-10003623,Furniture,Furnishings,"DataProducts Ampli Magnifier Task Lamp, Black,",135.3,5,0,37.884
7143,CA-2014-122217,11/24/2014,11/29/2014,Standard Class,HP-14815,Harold Pawlan,Home Office,United States,Virginia Beach,Virginia,23464,South,FUR-FU-10002045,Furniture,Furnishings,"Executive Impressions 14""",111.15,5,0,48.906
7144,US-2017-141558,3/11/2017,3/16/2017,Standard Class,MH-17290,Marc Harrigan,Home Office,United States,Philadelphia,Pennsylvania,19140,East,TEC-PH-10002555,Technology,Phones,Nortel Meridian M5316 Digital phone,776.85,5,0.4,-181.265
7145,US-2017-141558,3/11/2017,3/16/2017,Standard Class,MH-17290,Marc Harrigan,Home Office,United States,Philadelphia,Pennsylvania,19140,East,OFF-BI-10002794,Office Supplies,Binders,"Avery Trapezoid Ring Binder, 3"" Capacity, Black, 1040 sheets",12.294,1,0.7,-8.6058
7146,US-2017-141558,3/11/2017,3/16/2017,Standard Class,MH-17290,Marc Harrigan,Home Office,United States,Philadelphia,Pennsylvania,19140,East,FUR-TA-10004086,Furniture,Tables,KI Adjustable-Height Table,154.764,3,0.4,-46.4292
7147,US-2017-141558,3/11/2017,3/16/2017,Standard Class,MH-17290,Marc Harrigan,Home Office,United States,Philadelphia,Pennsylvania,19140,East,OFF-ST-10004946,Office Supplies,Storage,Desktop 3-Pocket Hot File,43.28,1,0.2,3.246
7148,CA-2016-139941,6/12/2016,6/17/2016,Standard Class,CB-12415,Christy Brittain,Consumer,United States,Long Beach,New York,11561,East,OFF-PA-10000241,Office Supplies,Paper,"IBM Multi-Purpose Copy Paper, 8 1/2 x 11"", Case",92.94,3,0,41.823
7149,CA-2016-139941,6/12/2016,6/17/2016,Standard Class,CB-12415,Christy Brittain,Consumer,United States,Long Beach,New York,11561,East,OFF-AP-10004036,Office Supplies,Appliances,Bionaire 99.97% HEPA Air Cleaner,52.56,3,0,18.396
7150,CA-2015-166583,6/26/2015,6/30/2015,Standard Class,VD-21670,Valerie Dominguez,Consumer,United States,Houston,Texas,77070,Central,TEC-PH-10001578,Technology,Phones,Polycom SoundStation2 EX Conference phone,971.88,3,0.2,109.3365
7151,CA-2017-100412,12/22/2017,12/26/2017,Standard Class,SR-20425,Sharelle Roach,Home Office,United States,Tuscaloosa,Alabama,35401,South,FUR-CH-10002647,Furniture,Chairs,"Situations Contoured Folding Chairs, 4/Set",141.96,2,0,35.49
7152,CA-2017-142909,12/22/2017,12/25/2017,Second Class,AG-10330,Alex Grayson,Consumer,United States,Mesa,Arizona,85204,West,FUR-TA-10003008,Furniture,Tables,"Lesro Round Back Collection Coffee Table, End Table",182.55,2,0.5,-135.087
7153,CA-2014-137911,10/9/2014,10/15/2014,Standard Class,BP-11095,Bart Pistole,Corporate,United States,Jacksonville,North Carolina,28540,South,OFF-PA-10004071,Office Supplies,Paper,"Eaton Premium Continuous-Feed Paper, 25% Cotton, Letter Size, White, 1000 Shts/Box",88.768,2,0.2,31.0688
7154,CA-2015-106208,12/10/2015,12/15/2015,Standard Class,JW-16075,Julia West,Consumer,United States,Chicago,Illinois,60610,Central,OFF-AP-10004980,Office Supplies,Appliances,3M Replacement Filter for Office Air Cleaner for 20' x 33' Room,53.088,7,0.8,-108.8304
7155,US-2015-136749,12/25/2015,12/27/2015,Second Class,LH-16900,Lena Hernandez,Consumer,United States,Columbus,Georgia,31907,South,FUR-FU-10000747,Furniture,Furnishings,Tenex B1-RE Series Chair Mats for Low Pile Carpets,275.88,6,0,46.8996
7156,US-2015-136749,12/25/2015,12/27/2015,Second Class,LH-16900,Lena Hernandez,Consumer,United States,Columbus,Georgia,31907,South,OFF-BI-10004492,Office Supplies,Binders,Tuf-Vin Binders,157.9,5,0,74.213
7157,CA-2017-126718,4/29/2017,5/4/2017,Standard Class,KT-16480,Kean Thornton,Consumer,United States,Orange,New Jersey,7050,East,OFF-LA-10004055,Office Supplies,Labels,Color-Coded Legal Exhibit Labels,4.91,1,0,2.4059
7158,CA-2016-131380,3/28/2016,3/31/2016,Second Class,CC-12220,Chris Cortes,Consumer,United States,Los Angeles,California,90032,West,OFF-ST-10002485,Office Supplies,Storage,Rogers Deluxe File Chest,87.92,4,0,0.8792
7159,CA-2016-131380,3/28/2016,3/31/2016,Second Class,CC-12220,Chris Cortes,Consumer,United States,Los Angeles,California,90032,West,OFF-PA-10001243,Office Supplies,Paper,Xerox 1983,5.98,1,0,2.9302
7160,CA-2015-145835,5/13/2015,5/18/2015,Second Class,BF-11170,Ben Ferrer,Home Office,United States,Chicago,Illinois,60623,Central,TEC-PH-10004447,Technology,Phones,Toshiba IPT2010-SD IP Telephone,222.384,2,0.2,16.6788
7161,CA-2015-145835,5/13/2015,5/18/2015,Second Class,BF-11170,Ben Ferrer,Home Office,United States,Chicago,Illinois,60623,Central,OFF-FA-10002280,Office Supplies,Fasteners,Advantus Plastic Paper Clips,16,4,0.2,5.6
7162,CA-2014-138709,7/4/2014,7/9/2014,Standard Class,MS-17770,Maxwell Schwartz,Consumer,United States,Richmond,Virginia,23223,South,OFF-PA-10004734,Office Supplies,Paper,Southworth Structures Collection,21.84,3,0,10.92
7163,CA-2014-138709,7/4/2014,7/9/2014,Standard Class,MS-17770,Maxwell Schwartz,Consumer,United States,Richmond,Virginia,23223,South,OFF-BI-10000145,Office Supplies,Binders,Zipper Ring Binder Pockets,15.6,5,0,7.644
7164,CA-2014-122070,4/22/2014,4/24/2014,Second Class,AH-10030,Aaron Hawkins,Corporate,United States,Troy,New York,12180,East,OFF-EN-10004773,Office Supplies,Envelopes,Staple envelope,247.84,8,0,121.4416
7165,CA-2014-122070,4/22/2014,4/24/2014,Second Class,AH-10030,Aaron Hawkins,Corporate,United States,Troy,New York,12180,East,OFF-BI-10004970,Office Supplies,Binders,"ACCOHIDE 3-Ring Binder, Blue, 1""",9.912,3,0.2,3.3453
7166,CA-2016-158610,9/19/2016,9/22/2016,First Class,CK-12595,Clytie Kelty,Consumer,United States,Providence,Rhode Island,2908,East,OFF-ST-10000604,Office Supplies,Storage,Home/Office Personal File Carts,69.52,2,0,17.38
7167,CA-2014-117464,7/22/2014,7/24/2014,Second Class,NP-18325,Naresj Patel,Consumer,United States,San Francisco,California,94122,West,OFF-AR-10003190,Office Supplies,Art,Newell 32,11.52,4,0,3.2256
7168,CA-2014-117464,7/22/2014,7/24/2014,Second Class,NP-18325,Naresj Patel,Consumer,United States,San Francisco,California,94122,West,FUR-CH-10000155,Furniture,Chairs,Global Comet Stacking Armless Chair,717.72,3,0.2,71.772
7169,CA-2014-117464,7/22/2014,7/24/2014,Second Class,NP-18325,Naresj Patel,Consumer,United States,San Francisco,California,94122,West,OFF-ST-10003058,Office Supplies,Storage,Eldon Mobile Mega Data Cart  Mega Stackable  Add-On Trays,236.5,10,0,68.585
7170,CA-2014-117464,7/22/2014,7/24/2014,Second Class,NP-18325,Naresj Patel,Consumer,United States,San Francisco,California,94122,West,FUR-TA-10004767,Furniture,Tables,Safco Drafting Table,170.352,3,0.2,19.1646
7171,US-2017-168613,10/8/2017,10/14/2017,Standard Class,GM-14440,Gary McGarr,Consumer,United States,New York City,New York,10009,East,FUR-CH-10002372,Furniture,Chairs,Office Star - Ergonomically Designed Knee Chair,145.764,2,0.1,3.2392
7172,CA-2017-125381,4/25/2017,4/27/2017,Second Class,SG-20605,Speros Goranitis,Consumer,United States,San Francisco,California,94109,West,TEC-AC-10000158,Technology,Accessories,Sony 64GB Class 10 Micro SDHC R40 Memory Card,107.97,3,0,22.6737
7173,US-2017-141677,3/26/2017,3/30/2017,Standard Class,HK-14890,Heather Kirkland,Corporate,United States,Houston,Texas,77070,Central,TEC-AC-10000158,Technology,Accessories,Sony 64GB Class 10 Micro SDHC R40 Memory Card,143.96,5,0.2,1.7995
7174,US-2017-141677,3/26/2017,3/30/2017,Standard Class,HK-14890,Heather Kirkland,Corporate,United States,Houston,Texas,77070,Central,TEC-CO-10002313,Technology,Copiers,Canon PC1080F Personal Copier,2399.96,5,0.2,569.9905
7175,US-2017-141677,3/26/2017,3/30/2017,Standard Class,HK-14890,Heather Kirkland,Corporate,United States,Houston,Texas,77070,Central,OFF-PA-10002581,Office Supplies,Paper,Xerox 1951,74.352,3,0.2,23.235
7176,US-2017-141677,3/26/2017,3/30/2017,Standard Class,HK-14890,Heather Kirkland,Corporate,United States,Houston,Texas,77070,Central,OFF-AP-10001205,Office Supplies,Appliances,Belkin 5 Outlet SurgeMaster Power Centers,87.168,8,0.8,-226.6368
7177,US-2017-141677,3/26/2017,3/30/2017,Standard Class,HK-14890,Heather Kirkland,Corporate,United States,Houston,Texas,77070,Central,OFF-ST-10000344,Office Supplies,Storage,"Neat Ideas Personal Hanging Folder Files, Black",32.232,3,0.2,2.4174
7178,CA-2017-133067,5/4/2017,5/10/2017,Standard Class,MY-18295,Muhammed Yedwab,Corporate,United States,Philadelphia,Pennsylvania,19140,East,OFF-BI-10002897,Office Supplies,Binders,"Black Avery Memo-Size 3-Ring Binder, 5 1/2"" x 8 1/2""",2.202,2,0.7,-1.5414
7179,CA-2017-133067,5/4/2017,5/10/2017,Standard Class,MY-18295,Muhammed Yedwab,Corporate,United States,Philadelphia,Pennsylvania,19140,East,OFF-BI-10003694,Office Supplies,Binders,"Avery 3 1/2"" Diskette Storage Pages, 10/Pack",9.396,3,0.7,-7.5168
7180,US-2016-144351,11/14/2016,11/18/2016,Standard Class,RC-19960,Ryan Crowe,Consumer,United States,Baltimore,Maryland,21215,East,TEC-PH-10001644,Technology,Phones,"BlueLounge Milo Smartphone Stand, White/Metallic",89.97,3,0,25.1916
7181,CA-2014-106054,1/6/2014,1/7/2014,First Class,JO-15145,Jack O'Briant,Corporate,United States,Athens,Georgia,30605,South,OFF-AR-10002399,Office Supplies,Art,"Dixon Prang Watercolor Pencils, 10-Color Set with Brush",12.78,3,0,5.2398
7182,CA-2016-138667,12/27/2016,12/30/2016,Second Class,MW-18220,Mitch Webber,Consumer,United States,Lancaster,Ohio,43130,East,TEC-AC-10003063,Technology,Accessories,Micro Innovations USB RF Wireless Keyboard with Mouse,40,2,0.2,0.5
7183,CA-2017-150609,4/30/2017,5/4/2017,Standard Class,NZ-18565,Nick Zandusky,Home Office,United States,Los Angeles,California,90032,West,OFF-BI-10002071,Office Supplies,Binders,Fellowes Black Plastic Comb Bindings,23.24,5,0.2,7.553
7184,CA-2017-128853,4/21/2017,4/23/2017,First Class,JM-15250,Janet Martin,Consumer,United States,Baltimore,Maryland,21215,East,FUR-CH-10004218,Furniture,Chairs,"Global Fabric Manager's Chair, Dark Gray",908.82,9,0,227.205
7185,CA-2017-133102,8/17/2017,8/24/2017,Standard Class,ED-13885,Emily Ducich,Home Office,United States,Houston,Texas,77095,Central,OFF-SU-10000432,Office Supplies,Supplies,Acco Side-Punched Conventional Columnar Pads,5.552,2,0.2,-1.041
7186,CA-2017-133102,8/17/2017,8/24/2017,Standard Class,ED-13885,Emily Ducich,Home Office,United States,Houston,Texas,77095,Central,OFF-AR-10003183,Office Supplies,Art,Avery Fluorescent Highlighter Four-Color Set,8.016,3,0.2,1.002
7187,CA-2017-133102,8/17/2017,8/24/2017,Standard Class,ED-13885,Emily Ducich,Home Office,United States,Houston,Texas,77095,Central,FUR-CH-10002017,Furniture,Chairs,SAFCO Optional Arm Kit for Workspace Cribbage Stacking Chair,74.592,4,0.3,-2.1312
7188,CA-2017-133102,8/17/2017,8/24/2017,Standard Class,ED-13885,Emily Ducich,Home Office,United States,Houston,Texas,77095,Central,FUR-FU-10003247,Furniture,Furnishings,36X48 HARDFLOOR CHAIRMAT,16.784,2,0.6,-22.2388
7189,CA-2017-133102,8/17/2017,8/24/2017,Standard Class,ED-13885,Emily Ducich,Home Office,United States,Houston,Texas,77095,Central,OFF-AP-10001563,Office Supplies,Appliances,Belkin Premiere Surge Master II 8-outlet surge protector,38.864,4,0.8,-99.1032
7190,CA-2016-164399,11/12/2016,11/15/2016,First Class,DW-13480,Dianna Wilson,Home Office,United States,San Diego,California,92024,West,TEC-PH-10004908,Technology,Phones,Panasonic KX TS3282W Corded phone,203.976,3,0.2,25.497
7191,CA-2016-164399,11/12/2016,11/15/2016,First Class,DW-13480,Dianna Wilson,Home Office,United States,San Diego,California,92024,West,FUR-TA-10003392,Furniture,Tables,Global Adaptabilities Conference Tables,674.352,3,0.2,-8.4294
7192,CA-2016-116918,10/1/2016,10/6/2016,Second Class,JK-15205,Jamie Kunitz,Consumer,United States,Hialeah,Florida,33012,South,OFF-BI-10004140,Office Supplies,Binders,Avery Non-Stick Binders,5.388,4,0.7,-4.49
7193,CA-2016-116918,10/1/2016,10/6/2016,Second Class,JK-15205,Jamie Kunitz,Consumer,United States,Hialeah,Florida,33012,South,OFF-AR-10003631,Office Supplies,Art,Staples in misc. colors,30.976,8,0.2,5.0336
7194,CA-2016-110492,2/12/2016,2/14/2016,First Class,JS-15880,John Stevenson,Consumer,United States,Atlanta,Georgia,30318,South,OFF-ST-10003716,Office Supplies,Storage,Tennsco Double-Tier Lockers,1350.12,6,0,175.5156
7195,CA-2016-110492,2/12/2016,2/14/2016,First Class,JS-15880,John Stevenson,Consumer,United States,Atlanta,Georgia,30318,South,OFF-BI-10003274,Office Supplies,Binders,"Avery Durable Slant Ring Binders, No Labels",15.92,4,0,7.4824
7196,CA-2016-147683,11/13/2016,11/17/2016,Standard Class,PO-19180,Philisse Overcash,Home Office,United States,Seattle,Washington,98103,West,FUR-FU-10004848,Furniture,Furnishings,DAX Solid Wood Frames,19.54,2,0,7.2298
7197,CA-2014-116785,4/26/2014,4/30/2014,Standard Class,MH-17290,Marc Harrigan,Home Office,United States,Los Angeles,California,90036,West,OFF-AR-10003504,Office Supplies,Art,Newell 347,21.4,5,0,6.206
7198,CA-2014-116785,4/26/2014,4/30/2014,Standard Class,MH-17290,Marc Harrigan,Home Office,United States,Los Angeles,California,90036,West,OFF-LA-10000305,Office Supplies,Labels,Avery 495,12.6,2,0,5.796
7199,US-2015-156797,8/11/2015,8/15/2015,Standard Class,PO-19180,Philisse Overcash,Home Office,United States,New York City,New York,10035,East,OFF-AR-10001427,Office Supplies,Art,Newell 330,11.96,2,0,3.1096
7200,US-2015-156797,8/11/2015,8/15/2015,Standard Class,PO-19180,Philisse Overcash,Home Office,United States,New York City,New York,10035,East,TEC-PH-10004614,Technology,Phones,AT&T 841000 Phone,138,2,0,34.5
7201,CA-2016-104276,11/27/2016,12/3/2016,Standard Class,HF-14995,Herbert Flentye,Consumer,United States,Fort Lauderdale,Florida,33311,South,TEC-PH-10001944,Technology,Phones,Wi-Ex zBoost YX540 Cellular Phone Signal Booster,116.76,1,0.2,14.595
7202,CA-2016-104276,11/27/2016,12/3/2016,Standard Class,HF-14995,Herbert Flentye,Consumer,United States,Fort Lauderdale,Florida,33311,South,FUR-TA-10001039,Furniture,Tables,KI Adjustable-Height Table,331.023,7,0.45,-114.3534
7203,CA-2016-120369,10/28/2016,10/28/2016,Same Day,VB-21745,Victoria Brennan,Corporate,United States,Rochester,New York,14609,East,FUR-FU-10003806,Furniture,Furnishings,"Tenex Chairmat w/ Average Lip, 45"" x 53""",756.8,5,0,75.68
7204,CA-2014-118276,12/29/2014,1/2/2015,Standard Class,MG-17890,Michael Granlund,Home Office,United States,Saint Charles,Illinois,60174,Central,FUR-FU-10002111,Furniture,Furnishings,"Master Caster Door Stop, Large Brown",8.736,3,0.6,-4.8048
7205,CA-2015-136658,9/10/2015,9/17/2015,Standard Class,BO-11425,Bobby Odegard,Consumer,United States,New York City,New York,10024,East,OFF-AR-10000817,Office Supplies,Art,Manco Dry-Lighter Erasable Highlighter,6.08,2,0,2.0672
7206,CA-2017-137414,10/2/2017,10/6/2017,Standard Class,CM-12115,Chad McGuire,Consumer,United States,San Francisco,California,94109,West,FUR-FU-10001424,Furniture,Furnishings,Dax Clear Box Frame,17.46,2,0,5.9364
7207,CA-2017-137414,10/2/2017,10/6/2017,Standard Class,CM-12115,Chad McGuire,Consumer,United States,San Francisco,California,94109,West,TEC-MA-10002930,Technology,Machines,Ricoh - Ink Collector Unit for GX3000 Series Printers,369.16,11,0.2,32.3015
7208,CA-2016-143476,9/11/2016,9/13/2016,First Class,LC-16930,Linda Cazamias,Corporate,United States,Phoenix,Arizona,85023,West,OFF-AR-10003759,Office Supplies,Art,"Crayola Anti Dust Chalk, 12/Pack",2.912,2,0.2,0.91
7209,CA-2016-143476,9/11/2016,9/13/2016,First Class,LC-16930,Linda Cazamias,Corporate,United States,Phoenix,Arizona,85023,West,OFF-PA-10001837,Office Supplies,Paper,Xerox 1976,20.736,4,0.2,7.2576
7210,CA-2016-143476,9/11/2016,9/13/2016,First Class,LC-16930,Linda Cazamias,Corporate,United States,Phoenix,Arizona,85023,West,OFF-PA-10001667,Office Supplies,Paper,Great White Multi-Use Recycled Paper (20Lb. and 84 Bright),9.568,2,0.2,2.99
7211,US-2016-119046,6/2/2016,6/6/2016,Standard Class,EH-13765,Edward Hooks,Corporate,United States,Seattle,Washington,98115,West,OFF-PA-10000246,Office Supplies,Paper,Riverleaf Stik-Withit Designer Note Cubes,30.18,3,0,13.8828
7212,US-2016-119046,6/2/2016,6/6/2016,Standard Class,EH-13765,Edward Hooks,Corporate,United States,Seattle,Washington,98115,West,OFF-BI-10001078,Office Supplies,Binders,"Acco PRESSTEX Data Binder with Storage Hooks, Dark Blue, 14 7/8"" X 11""",51.648,12,0.2,18.7224
7213,US-2016-119046,6/2/2016,6/6/2016,Standard Class,EH-13765,Edward Hooks,Corporate,United States,Seattle,Washington,98115,West,OFF-BI-10000138,Office Supplies,Binders,Acco Translucent Poly Ring Binders,11.232,3,0.2,3.9312
7214,CA-2017-154949,10/15/2017,10/19/2017,Standard Class,MC-17275,Marc Crier,Consumer,United States,Camarillo,California,93010,West,OFF-LA-10002034,Office Supplies,Labels,Avery 478,14.73,3,0,7.2177
7215,CA-2015-103072,9/27/2015,9/30/2015,Second Class,HW-14935,Helen Wasserman,Corporate,United States,Detroit,Michigan,48205,Central,OFF-AR-10000127,Office Supplies,Art,Newell 321,16.4,5,0,4.756
7216,CA-2015-103072,9/27/2015,9/30/2015,Second Class,HW-14935,Helen Wasserman,Corporate,United States,Detroit,Michigan,48205,Central,OFF-PA-10003172,Office Supplies,Paper,Xerox 1996,25.92,4,0,12.4416
7217,CA-2015-150770,5/3/2015,5/6/2015,First Class,LC-16870,Lena Cacioppo,Consumer,United States,San Francisco,California,94109,West,OFF-AR-10001246,Office Supplies,Art,Newell 317,8.82,3,0,2.5578
7218,CA-2015-150770,5/3/2015,5/6/2015,First Class,LC-16870,Lena Cacioppo,Consumer,United States,San Francisco,California,94109,West,OFF-BI-10002026,Office Supplies,Binders,Ibico Recycled Linen-Style Covers,62.496,2,0.2,21.8736
7219,CA-2015-150770,5/3/2015,5/6/2015,First Class,LC-16870,Lena Cacioppo,Consumer,United States,San Francisco,California,94109,West,TEC-AC-10000844,Technology,Accessories,Logitech Gaming G510s - Keyboard,339.96,4,0,122.3856
7220,CA-2015-150770,5/3/2015,5/6/2015,First Class,LC-16870,Lena Cacioppo,Consumer,United States,San Francisco,California,94109,West,OFF-BI-10001575,Office Supplies,Binders,GBC Linen Binding Covers,49.568,2,0.2,17.3488
7221,CA-2017-154760,1/9/2017,1/13/2017,Standard Class,BP-11290,Beth Paige,Consumer,United States,Philadelphia,Pennsylvania,19140,East,OFF-BI-10004632,Office Supplies,Binders,Ibico Hi-Tech Manual Binding System,274.491,3,0.7,-228.7425
7222,US-2017-104437,1/27/2017,1/31/2017,Standard Class,TG-21310,Toby Gnade,Consumer,United States,New York City,New York,10035,East,TEC-PH-10000193,Technology,Phones,Jensen SMPS-640 - speaker phone,137.94,3,0,35.8644
7223,CA-2017-113075,9/2/2017,9/6/2017,Standard Class,MC-18100,Mick Crebagga,Consumer,United States,Chicago,Illinois,60623,Central,TEC-AC-10003441,Technology,Accessories,Kingston Digital DataTraveler 32GB USB 2.0,40.68,3,0.2,-7.119
7224,CA-2016-109953,7/14/2016,7/18/2016,Standard Class,RB-19360,Raymond Buch,Consumer,United States,San Francisco,California,94122,West,TEC-PH-10004093,Technology,Phones,Panasonic Kx-TS550,110.376,3,0.2,12.4173
7225,CA-2016-109953,7/14/2016,7/18/2016,Standard Class,RB-19360,Raymond Buch,Consumer,United States,San Francisco,California,94122,West,OFF-AP-10002998,Office Supplies,Appliances,Holmes 99% HEPA Air Purifier,151.62,7,0,50.0346
7226,CA-2016-109953,7/14/2016,7/18/2016,Standard Class,RB-19360,Raymond Buch,Consumer,United States,San Francisco,California,94122,West,FUR-FU-10000073,Furniture,Furnishings,Deflect-O Glasstique Clear Desk Accessories,30.8,4,0,10.164
7227,CA-2017-127397,2/24/2017,2/28/2017,Standard Class,ES-14080,Erin Smith,Corporate,United States,Philadelphia,Pennsylvania,19134,East,OFF-PA-10001125,Office Supplies,Paper,Xerox 1988,123.92,5,0.2,38.725
7228,CA-2017-127397,2/24/2017,2/28/2017,Standard Class,ES-14080,Erin Smith,Corporate,United States,Philadelphia,Pennsylvania,19134,East,TEC-AC-10003033,Technology,Accessories,Plantronics CS510 - Over-the-Head monaural Wireless Headset System,1319.8,5,0.2,214.4675
7229,CA-2014-157546,7/20/2014,7/22/2014,First Class,RD-19720,Roger Demir,Consumer,United States,San Francisco,California,94122,West,OFF-BI-10002498,Office Supplies,Binders,Clear Mylar Reinforcing Strips,89.712,6,0.2,30.2778
7230,CA-2014-157546,7/20/2014,7/22/2014,First Class,RD-19720,Roger Demir,Consumer,United States,San Francisco,California,94122,West,OFF-PA-10004569,Office Supplies,Paper,"Wirebound Message Books, Two 4 1/4"" x 5"" Forms per Page",22.83,3,0,10.7301
7231,CA-2017-153843,3/13/2017,3/15/2017,First Class,SC-20380,Shahid Collister,Consumer,United States,Fairfield,Connecticut,6824,East,OFF-BI-10002353,Office Supplies,Binders,GBC VeloBind Cover Sets,30.88,2,0,15.44
7232,CA-2017-153843,3/13/2017,3/15/2017,First Class,SC-20380,Shahid Collister,Consumer,United States,Fairfield,Connecticut,6824,East,OFF-AP-10001564,Office Supplies,Appliances,Hoover Commercial Lightweight Upright Vacuum with E-Z Empty Dirt Cup,465.16,2,0,120.9416
7233,CA-2017-153843,3/13/2017,3/15/2017,First Class,SC-20380,Shahid Collister,Consumer,United States,Fairfield,Connecticut,6824,East,OFF-PA-10003673,Office Supplies,Paper,Strathmore Photo Mount Cards,27.12,4,0,12.4752
7234,CA-2016-137337,3/8/2016,3/12/2016,Standard Class,GB-14575,Giulietta Baptist,Consumer,United States,New York City,New York,10011,East,FUR-FU-10003347,Furniture,Furnishings,Coloredge Poster Frame,113.6,8,0,44.304
7235,CA-2016-137337,3/8/2016,3/12/2016,Standard Class,GB-14575,Giulietta Baptist,Consumer,United States,New York City,New York,10011,East,OFF-PA-10001934,Office Supplies,Paper,Xerox 1993,12.96,2,0,6.3504
7236,CA-2016-137337,3/8/2016,3/12/2016,Standard Class,GB-14575,Giulietta Baptist,Consumer,United States,New York City,New York,10011,East,OFF-BI-10000632,Office Supplies,Binders,Satellite Sectional Post Binders,69.456,2,0.2,22.5732
7237,CA-2014-138737,12/7/2014,12/10/2014,First Class,FP-14320,Frank Preis,Consumer,United States,Los Angeles,California,90049,West,OFF-AR-10003190,Office Supplies,Art,Newell 32,8.64,3,0,2.4192
7238,CA-2016-164924,7/10/2016,7/10/2016,Same Day,EA-14035,Erin Ashbrook,Corporate,United States,Philadelphia,Pennsylvania,19143,East,TEC-MA-10000904,Technology,Machines,"Brother MFC-9340CDW LED All-In-One Printer, Copier Scanner",341.991,3,0.7,-319.1916
7239,CA-2016-101651,12/24/2016,12/30/2016,Standard Class,SC-20305,Sean Christensen,Consumer,United States,San Jose,California,95123,West,FUR-FU-10000771,Furniture,Furnishings,"Eldon 200 Class Desk Accessories, Smoke",43.96,7,0,18.4632
7240,CA-2016-101651,12/24/2016,12/30/2016,Standard Class,SC-20305,Sean Christensen,Consumer,United States,San Jose,California,95123,West,OFF-EN-10001990,Office Supplies,Envelopes,Staple envelope,39.76,7,0,18.6872
7241,CA-2017-136651,4/23/2017,4/25/2017,Second Class,JF-15355,Jay Fein,Consumer,United States,Pasadena,California,91104,West,FUR-FU-10002445,Furniture,Furnishings,"DAX Two-Tone Rosewood/Black Document Frame, Desktop, 5 x 7",66.36,7,0,26.544
7242,CA-2017-136651,4/23/2017,4/25/2017,Second Class,JF-15355,Jay Fein,Consumer,United States,Pasadena,California,91104,West,OFF-BI-10003638,Office Supplies,Binders,GBC Durable Plastic Covers,92.88,6,0.2,30.186
7243,CA-2017-136651,4/23/2017,4/25/2017,Second Class,JF-15355,Jay Fein,Consumer,United States,Pasadena,California,91104,West,FUR-FU-10004864,Furniture,Furnishings,Eldon 500 Class Desk Accessories,24.14,2,0,7.9662
7244,CA-2017-118892,8/17/2017,8/22/2017,Second Class,TP-21415,Tom Prescott,Consumer,United States,Philadelphia,Pennsylvania,19134,East,FUR-CH-10002024,Furniture,Chairs,HON 5400 Series Task Chairs for Big and Tall,4416.174,9,0.3,-630.882
7245,US-2017-151127,5/22/2017,5/25/2017,First Class,RL-19615,Rob Lucas,Consumer,United States,Los Angeles,California,90049,West,OFF-AR-10002445,Office Supplies,Art,SANFORD Major Accent Highlighters,49.56,7,0,18.8328
7246,CA-2017-145807,2/9/2017,2/13/2017,Standard Class,SB-20170,Sarah Bern,Consumer,United States,Los Angeles,California,90032,West,OFF-ST-10001370,Office Supplies,Storage,Sensible Storage WireTech Storage Systems,354.9,5,0,17.745
7247,US-2014-127978,3/3/2014,3/8/2014,Standard Class,JS-15595,Jill Stevenson,Corporate,United States,Columbus,Ohio,43229,East,OFF-LA-10000305,Office Supplies,Labels,Avery 495,15.12,3,0.2,4.914
7248,US-2014-127978,3/3/2014,3/8/2014,Standard Class,JS-15595,Jill Stevenson,Corporate,United States,Columbus,Ohio,43229,East,FUR-BO-10001972,Furniture,Bookcases,O'Sullivan 4-Shelf Bookcase in Odessa Pine,302.45,5,0.5,-199.617
7249,US-2014-127978,3/3/2014,3/8/2014,Standard Class,JS-15595,Jill Stevenson,Corporate,United States,Columbus,Ohio,43229,East,OFF-ST-10002486,Office Supplies,Storage,Eldon Shelf Savers Cubes and Bins,44.672,8,0.2,-10.0512
7250,CA-2015-158491,6/4/2015,6/9/2015,Second Class,BP-11155,Becky Pak,Consumer,United States,Los Angeles,California,90008,West,TEC-AC-10001874,Technology,Accessories,Logitech Wireless Anywhere Mouse MX for PC and Mac,119.98,2,0,35.994
7251,CA-2015-158491,6/4/2015,6/9/2015,Second Class,BP-11155,Becky Pak,Consumer,United States,Los Angeles,California,90008,West,TEC-AC-10003870,Technology,Accessories,Logitech Z-906 Speaker sys - home theater - 5.1-CH,989.97,3,0,395.988
7252,CA-2016-116764,8/27/2016,9/2/2016,Standard Class,EM-13825,Elizabeth Moffitt,Corporate,United States,Hollywood,Florida,33021,South,OFF-LA-10002473,Office Supplies,Labels,Avery 484,9.216,4,0.2,3.3408
7253,CA-2016-152457,9/12/2016,9/18/2016,Standard Class,SC-20695,Steve Chapman,Corporate,United States,Roseville,Michigan,48066,Central,OFF-PA-10003790,Office Supplies,Paper,Xerox 1991,68.52,3,0,31.5192
7254,CA-2016-152730,5/30/2016,6/4/2016,Standard Class,EM-14140,Eugene Moren,Home Office,United States,Superior,Wisconsin,54880,Central,OFF-AP-10002684,Office Supplies,Appliances,"Acco 7-Outlet Masterpiece Power Center, Wihtout Fax/Phone Line Protection",364.74,3,0,109.422
7255,CA-2016-152730,5/30/2016,6/4/2016,Standard Class,EM-14140,Eugene Moren,Home Office,United States,Superior,Wisconsin,54880,Central,FUR-FU-10001037,Furniture,Furnishings,"DAX Charcoal/Nickel-Tone Document Frame, 5 x 7",47.4,5,0,21.33
7256,CA-2016-152730,5/30/2016,6/4/2016,Standard Class,EM-14140,Eugene Moren,Home Office,United States,Superior,Wisconsin,54880,Central,OFF-ST-10000876,Office Supplies,Storage,Eldon Simplefile Box Office,49.76,4,0,13.9328
7257,CA-2016-152730,5/30/2016,6/4/2016,Standard Class,EM-14140,Eugene Moren,Home Office,United States,Superior,Wisconsin,54880,Central,OFF-AR-10003732,Office Supplies,Art,Newell 333,5.56,2,0,1.4456
7258,CA-2016-152730,5/30/2016,6/4/2016,Standard Class,EM-14140,Eugene Moren,Home Office,United States,Superior,Wisconsin,54880,Central,OFF-PA-10000994,Office Supplies,Paper,Xerox 1915,629.1,6,0,301.968
7259,CA-2016-152730,5/30/2016,6/4/2016,Standard Class,EM-14140,Eugene Moren,Home Office,United States,Superior,Wisconsin,54880,Central,OFF-AR-10000940,Office Supplies,Art,Newell 343,14.7,5,0,3.969
7260,CA-2016-152730,5/30/2016,6/4/2016,Standard Class,EM-14140,Eugene Moren,Home Office,United States,Superior,Wisconsin,54880,Central,OFF-PA-10004888,Office Supplies,Paper,Xerox 217,45.36,7,0,21.7728
7261,CA-2016-152730,5/30/2016,6/4/2016,Standard Class,EM-14140,Eugene Moren,Home Office,United States,Superior,Wisconsin,54880,Central,TEC-PH-10000441,Technology,Phones,VTech DS6151,125.99,1,0,35.2772
7262,CA-2017-137001,6/10/2017,6/13/2017,Second Class,GZ-14545,George Zrebassa,Corporate,United States,Thousand Oaks,California,91360,West,OFF-AR-10001231,Office Supplies,Art,"Sanford EarthWrite Recycled Pencils, Medium Soft, #2",14.7,7,0,4.116
7263,CA-2017-156363,10/22/2017,10/28/2017,Standard Class,ML-17395,Marina Lichtenstein,Corporate,United States,Philadelphia,Pennsylvania,19134,East,TEC-PH-10003988,Technology,Phones,"LF Elite 3D Dazzle Designer Hard Case Cover, Lf Stylus Pen and Wiper For Apple Iphone 5c Mini Lite",32.7,5,0.4,-6.54
7264,CA-2017-156363,10/22/2017,10/28/2017,Standard Class,ML-17395,Marina Lichtenstein,Corporate,United States,Philadelphia,Pennsylvania,19134,East,OFF-EN-10003068,Office Supplies,Envelopes,#6 3/4 Gummed Flap White Envelopes,31.68,4,0.2,11.088
7265,CA-2017-122056,6/13/2017,6/17/2017,Standard Class,PG-18895,Paul Gonzalez,Consumer,United States,Springfield,Virginia,22153,South,OFF-AR-10004260,Office Supplies,Art,Boston 1799 Powerhouse Electric Pencil Sharpener,181.86,7,0,50.9208
7266,US-2014-143721,11/23/2014,11/26/2014,Second Class,DK-12835,Damala Kotsonis,Corporate,United States,Houston,Texas,77095,Central,FUR-CH-10001973,Furniture,Chairs,Office Star Flex Back Scooter Chair with White Frame,155.372,2,0.3,-35.5136
7267,CA-2017-122987,8/16/2017,8/16/2017,Same Day,SJ-20215,Sarah Jordon,Consumer,United States,Columbia,Tennessee,38401,South,OFF-BI-10002824,Office Supplies,Binders,Recycled Easel Ring Binders,13.428,3,0.7,-11.19
7268,CA-2017-122987,8/16/2017,8/16/2017,Same Day,SJ-20215,Sarah Jordon,Consumer,United States,Columbia,Tennessee,38401,South,OFF-ST-10004950,Office Supplies,Storage,Acco Perma 3000 Stacking Storage Drawers,67.136,4,0.2,-0.8392
7269,CA-2016-133368,1/14/2016,1/20/2016,Standard Class,AG-10675,Anna Gayman,Consumer,United States,Concord,North Carolina,28027,South,OFF-PA-10004039,Office Supplies,Paper,Xerox 1882,89.568,2,0.2,32.4684
7270,CA-2016-133368,1/14/2016,1/20/2016,Standard Class,AG-10675,Anna Gayman,Consumer,United States,Concord,North Carolina,28027,South,FUR-FU-10003374,Furniture,Furnishings,Electrix Fluorescent Magnifier Lamps & Weighted Base,315.776,8,0.2,31.5776
7271,CA-2016-123337,9/16/2016,9/22/2016,Standard Class,KD-16495,Keith Dawkins,Corporate,United States,San Jose,California,95123,West,FUR-BO-10001918,Furniture,Bookcases,"Sauder Forest Hills Library with Doors, Woodland Oak Finish",273.666,2,0.15,-12.8784
7272,CA-2016-123337,9/16/2016,9/22/2016,Standard Class,KD-16495,Keith Dawkins,Corporate,United States,San Jose,California,95123,West,OFF-AP-10002287,Office Supplies,Appliances,"Eureka Sanitaire  Multi-Pro Heavy-Duty Upright, Disposable Bags",17.48,4,0,4.5448
7273,US-2016-150357,10/10/2016,10/14/2016,Standard Class,EB-13975,Erica Bern,Corporate,United States,Greensboro,North Carolina,27405,South,OFF-SU-10004498,Office Supplies,Supplies,Martin-Yale Premier Letter Opener,20.608,2,0.2,-4.3792
7274,US-2016-150357,10/10/2016,10/14/2016,Standard Class,EB-13975,Erica Bern,Corporate,United States,Greensboro,North Carolina,27405,South,OFF-BI-10002557,Office Supplies,Binders,Presstex Flexible Ring Binders,4.095,3,0.7,-2.73
7275,CA-2015-144519,11/13/2015,11/17/2015,Standard Class,AW-10930,Arthur Wiediger,Home Office,United States,Helena,Montana,59601,West,TEC-PH-10004908,Technology,Phones,Panasonic KX TS3282W Corded phone,339.96,5,0.2,42.495
7276,CA-2015-144519,11/13/2015,11/17/2015,Standard Class,AW-10930,Arthur Wiediger,Home Office,United States,Helena,Montana,59601,West,FUR-FU-10000794,Furniture,Furnishings,"Eldon Stackable Tray, Side-Load, Legal, Smoke",63.98,7,0,21.7532
7277,CA-2014-120670,11/2/2014,11/6/2014,Standard Class,JK-16120,Julie Kriz,Home Office,United States,Fort Lauderdale,Florida,33311,South,TEC-AC-10004171,Technology,Accessories,Razer Kraken 7.1 Surround Sound Over Ear USB Gaming Headset,799.92,10,0.2,239.976
7278,CA-2016-157217,7/19/2016,7/21/2016,First Class,TC-21535,Tracy Collins,Home Office,United States,San Francisco,California,94110,West,TEC-PH-10002070,Technology,Phones,Griffin GC36547 PowerJolt SE Lightning Charger,35.984,2,0.2,4.498
7279,CA-2016-157217,7/19/2016,7/21/2016,First Class,TC-21535,Tracy Collins,Home Office,United States,San Francisco,California,94110,West,TEC-AC-10003095,Technology,Accessories,Logitech G35 7.1-Channel Surround Sound Headset,389.97,3,0,132.5898
7280,CA-2016-108224,5/14/2016,5/14/2016,Same Day,TH-21235,Tiffany House,Corporate,United States,Yuma,Arizona,85364,West,TEC-AC-10003832,Technology,Accessories,Imation 16GB Mini TravelDrive USB 2.0 Flash Drive,185.528,7,0.2,48.7011
7281,CA-2015-162782,2/21/2015,2/27/2015,Standard Class,PW-19240,Pierre Wener,Consumer,United States,Columbia,Maryland,21044,East,OFF-BI-10003527,Office Supplies,Binders,Fellowes PB500 Electric Punch Plastic Comb Binding Machine with Manual Bind,2541.98,2,0,1270.99
7282,CA-2017-159282,10/16/2017,10/21/2017,Standard Class,GH-14410,Gary Hansen,Home Office,United States,Yuma,Arizona,85364,West,TEC-MA-10001148,Technology,Machines,Swingline SM12-08 MicroCut Jam Free Shredder,599.985,5,0.7,-479.988
7283,CA-2017-155936,6/22/2017,6/29/2017,Standard Class,JK-15730,Joe Kamberova,Consumer,United States,Chicago,Illinois,60653,Central,OFF-BI-10002432,Office Supplies,Binders,Wilson Jones Standard D-Ring Binders,3.036,3,0.8,-5.0094
7284,CA-2017-169439,9/9/2017,9/13/2017,Standard Class,LC-17140,Logan Currie,Consumer,United States,Cleveland,Ohio,44105,East,OFF-AR-10001374,Office Supplies,Art,"BIC Brite Liner Highlighters, Chisel Tip",25.92,5,0.2,3.888
7285,CA-2017-169439,9/9/2017,9/13/2017,Standard Class,LC-17140,Logan Currie,Consumer,United States,Cleveland,Ohio,44105,East,FUR-FU-10000723,Furniture,Furnishings,"Deflect-o EconoMat Studded, No Bevel Mat for Low Pile Carpeting",66.112,2,0.2,-9.0904
7286,CA-2017-151183,10/14/2017,10/19/2017,Standard Class,BK-11260,Berenike Kampe,Consumer,United States,San Francisco,California,94110,West,TEC-AC-10003614,Technology,Accessories,"Verbatim 25 GB 6x Blu-ray Single Layer Recordable Disc, 10/Pack",46.36,4,0,15.2988
7287,CA-2016-149965,6/20/2016,6/25/2016,Standard Class,BS-11365,Bill Shonely,Corporate,United States,Oklahoma City,Oklahoma,73120,Central,TEC-AC-10004877,Technology,Accessories,Imation 30456 USB Flash Drive 8GB,6.9,1,0,0.552
7288,CA-2016-149965,6/20/2016,6/25/2016,Standard Class,BS-11365,Bill Shonely,Corporate,United States,Oklahoma City,Oklahoma,73120,Central,FUR-FU-10004270,Furniture,Furnishings,"Executive Impressions 13"" Clairmont Wall Clock",57.69,3,0,23.6529
7289,CA-2014-158281,9/2/2014,9/7/2014,Standard Class,AG-10525,Andy Gerbode,Corporate,United States,Houston,Texas,77095,Central,TEC-MA-10002210,Technology,Machines,Epson TM-T88V Direct Thermal Printer - Monochrome - Desktop,559.71,3,0.4,-121.2705
7290,CA-2016-153661,1/30/2016,1/31/2016,First Class,SC-20725,Steven Cartwright,Consumer,United States,San Francisco,California,94122,West,OFF-ST-10000675,Office Supplies,Storage,"File Shuttle II and Handi-File, Black",305.01,9,0,76.2525
7291,CA-2016-153661,1/30/2016,1/31/2016,First Class,SC-20725,Steven Cartwright,Consumer,United States,San Francisco,California,94122,West,OFF-BI-10004781,Office Supplies,Binders,GBC Wire Binding Strips,50.784,2,0.2,17.7744
7292,CA-2016-153661,1/30/2016,1/31/2016,First Class,SC-20725,Steven Cartwright,Consumer,United States,San Francisco,California,94122,West,OFF-LA-10004689,Office Supplies,Labels,Avery 512,26.01,9,0,12.2247
7293,CA-2017-109183,12/4/2017,12/9/2017,Standard Class,LR-16915,Lena Radford,Consumer,United States,Nashville,Tennessee,37211,South,TEC-MA-10001856,Technology,Machines,Okidata C610n Printer,649,2,0.5,-272.58
7294,CA-2016-113656,1/23/2016,1/29/2016,Standard Class,CB-12415,Christy Brittain,Consumer,United States,Los Angeles,California,90036,West,FUR-FU-10000719,Furniture,Furnishings,"DAX Cubicle Frames, 8-1/2 x 11",59.99,7,0,21.5964
7295,CA-2015-148964,5/26/2015,5/31/2015,Standard Class,RD-19900,Ruben Dartt,Consumer,United States,Bellevue,Washington,98006,West,FUR-FU-10003849,Furniture,Furnishings,"DAX Metal Frame, Desktop, Stepped-Edge",20.24,1,0,7.8936
7296,CA-2014-111899,5/4/2014,5/5/2014,First Class,NC-18340,Nat Carroll,Consumer,United States,Houston,Texas,77036,Central,OFF-AR-10001725,Office Supplies,Art,Boston Home & Office Model 2000 Electric Pencil Sharpeners,37.84,2,0.2,2.838
7297,CA-2014-111899,5/4/2014,5/5/2014,First Class,NC-18340,Nat Carroll,Consumer,United States,Houston,Texas,77036,Central,OFF-FA-10000840,Office Supplies,Fasteners,OIC Thumb-Tacks,5.472,6,0.2,1.8468
7298,CA-2015-101126,2/10/2015,2/14/2015,Second Class,NB-18655,Nona Balk,Corporate,United States,Philadelphia,Pennsylvania,19143,East,OFF-ST-10000943,Office Supplies,Storage,Eldon ProFile File 'N Store Portable File Tub Letter/Legal Size Black,77.24,5,0.2,7.724
7299,CA-2014-163468,11/18/2014,11/21/2014,First Class,JK-15730,Joe Kamberova,Consumer,United States,Des Plaines,Illinois,60016,Central,FUR-TA-10002533,Furniture,Tables,BPI Conference Tables,292.1,4,0.5,-175.26
7300,CA-2014-163468,11/18/2014,11/21/2014,First Class,JK-15730,Joe Kamberova,Consumer,United States,Des Plaines,Illinois,60016,Central,FUR-FU-10001546,Furniture,Furnishings,Dana Swing-Arm Lamps,8.544,2,0.6,-7.476
7301,CA-2014-163468,11/18/2014,11/21/2014,First Class,JK-15730,Joe Kamberova,Consumer,United States,Des Plaines,Illinois,60016,Central,FUR-BO-10003546,Furniture,Bookcases,Hon 4-Shelf Metal Bookcases,424.116,6,0.3,-30.294
7302,CA-2014-163468,11/18/2014,11/21/2014,First Class,JK-15730,Joe Kamberova,Consumer,United States,Des Plaines,Illinois,60016,Central,OFF-BI-10004728,Office Supplies,Binders,Wilson Jones Turn Tabs Binder Tool for Ring Binders,2.892,3,0.8,-4.9164
7303,CA-2014-163468,11/18/2014,11/21/2014,First Class,JK-15730,Joe Kamberova,Consumer,United States,Des Plaines,Illinois,60016,Central,OFF-ST-10000025,Office Supplies,Storage,Fellowes Stor/Drawer Steel Plus Storage Drawers,381.72,5,0.2,-66.801
7304,US-2017-117450,9/4/2017,9/8/2017,Standard Class,DO-13645,Doug O'Connell,Consumer,United States,Boynton Beach,Florida,33437,South,FUR-CH-10003817,Furniture,Chairs,"Global Value Steno Chair, Gray",97.184,2,0.2,6.074
7305,US-2017-117450,9/4/2017,9/8/2017,Standard Class,DO-13645,Doug O'Connell,Consumer,United States,Boynton Beach,Florida,33437,South,OFF-PA-10000289,Office Supplies,Paper,Xerox 213,10.368,2,0.2,3.6288
7306,CA-2014-137274,3/29/2014,4/2/2014,Standard Class,MG-18145,Mike Gockenbach,Consumer,United States,Plano,Texas,75023,Central,FUR-TA-10001889,Furniture,Tables,Bush Advantage Collection Racetrack Conference Table,890.841,3,0.3,-152.7156
7307,CA-2016-144092,11/5/2016,11/7/2016,Second Class,LH-17155,Logan Haushalter,Consumer,United States,San Jose,California,95123,West,TEC-AC-10002305,Technology,Accessories,KeyTronic E03601U1 - Keyboard - Beige,72,4,0,12.96
7308,CA-2016-144092,11/5/2016,11/7/2016,Second Class,LH-17155,Logan Haushalter,Consumer,United States,San Jose,California,95123,West,FUR-CH-10004875,Furniture,Chairs,Harbour Creations 67200 Series Stacking Chairs,113.888,2,0.2,9.9652
7309,CA-2016-144092,11/5/2016,11/7/2016,Second Class,LH-17155,Logan Haushalter,Consumer,United States,San Jose,California,95123,West,OFF-EN-10001434,Office Supplies,Envelopes,"Strathmore #10 Envelopes, Ultimate White",158.13,3,0,77.4837
7310,CA-2017-112172,6/10/2017,6/14/2017,Second Class,MM-18280,Muhammed MacIntyre,Corporate,United States,New York City,New York,10024,East,OFF-FA-10004395,Office Supplies,Fasteners,Plymouth Boxed Rubber Bands by Plymouth,14.13,3,0,0.7065
7311,CA-2015-121699,8/10/2015,8/14/2015,Standard Class,BD-11320,Bill Donatelli,Consumer,United States,Detroit,Michigan,48227,Central,OFF-BI-10004632,Office Supplies,Binders,GBC Binding covers,64.75,5,0,29.1375
7312,CA-2015-162761,10/9/2015,10/13/2015,Standard Class,SC-20575,Sonia Cooley,Consumer,United States,Miami,Florida,33178,South,OFF-BI-10000145,Office Supplies,Binders,Zipper Ring Binder Pockets,1.872,2,0.7,-1.3104
7313,CA-2015-162761,10/9/2015,10/13/2015,Standard Class,SC-20575,Sonia Cooley,Consumer,United States,Miami,Florida,33178,South,OFF-BI-10002498,Office Supplies,Binders,Clear Mylar Reinforcing Strips,11.214,2,0.7,-8.5974
7314,CA-2015-162761,10/9/2015,10/13/2015,Standard Class,SC-20575,Sonia Cooley,Consumer,United States,Miami,Florida,33178,South,OFF-AR-10001761,Office Supplies,Art,Avery Hi-Liter Smear-Safe Highlighters,37.376,8,0.2,7.4752
7315,CA-2016-121377,5/28/2016,6/2/2016,Standard Class,TN-21040,Tanja Norvell,Home Office,United States,Park Ridge,Illinois,60068,Central,TEC-PH-10001817,Technology,Phones,Wilson Electronics DB Pro Signal Booster,286.4,1,0.2,25.06
7316,CA-2017-115322,5/11/2017,5/16/2017,Second Class,ZC-21910,Zuschuss Carroll,Consumer,United States,New York City,New York,10024,East,OFF-AR-10004456,Office Supplies,Art,Panasonic KP-4ABK Battery-Operated Pencil Sharpener,43.92,3,0,12.7368
7317,CA-2016-132066,10/16/2016,10/20/2016,Standard Class,NB-18655,Nona Balk,Corporate,United States,New York City,New York,10011,East,FUR-TA-10001539,Furniture,Tables,Chromcraft Rectangular Conference Tables,142.182,1,0.4,-37.9152
7318,CA-2017-158120,11/17/2017,11/21/2017,Standard Class,KH-16330,Katharine Harms,Corporate,United States,Hillsboro,Oregon,97123,West,OFF-PA-10003205,Office Supplies,Paper,"Wirebound Message Forms, Four 2 3/4 x 5 Forms per Page, Pink Paper",19.608,3,0.2,6.6177
7319,CA-2017-158120,11/17/2017,11/21/2017,Standard Class,KH-16330,Katharine Harms,Corporate,United States,Hillsboro,Oregon,97123,West,OFF-BI-10002813,Office Supplies,Binders,Avery Reinforcements for Hole-Punch Pages,4.158,7,0.7,-3.465
7320,CA-2017-100097,11/26/2017,11/29/2017,Second Class,MN-17935,Michael Nguyen,Consumer,United States,New York City,New York,10009,East,TEC-PH-10002310,Technology,Phones,Plantronics Calisto P620-M USB Wireless Speakerphone System,979.95,5,0,264.5865
7321,CA-2017-100097,11/26/2017,11/29/2017,Second Class,MN-17935,Michael Nguyen,Consumer,United States,New York City,New York,10009,East,FUR-FU-10003623,Furniture,Furnishings,"DataProducts Ampli Magnifier Task Lamp, Black,",135.3,5,0,37.884
7322,CA-2017-167626,9/3/2017,9/7/2017,Standard Class,MY-18295,Muhammed Yedwab,Corporate,United States,Chicago,Illinois,60623,Central,OFF-PA-10003424,Office Supplies,Paper,"""While you Were Out"" Message Book, One Form per Page",8.904,3,0.2,3.339
7323,CA-2017-167626,9/3/2017,9/7/2017,Standard Class,MY-18295,Muhammed Yedwab,Corporate,United States,Chicago,Illinois,60623,Central,TEC-AC-10004353,Technology,Accessories,Hypercom P1300 Pinpad,100.8,2,0.2,21.42
7324,US-2017-126053,12/5/2017,12/8/2017,First Class,CS-11950,Carlos Soltero,Consumer,United States,New York City,New York,10024,East,FUR-FU-10001934,Furniture,Furnishings,Magnifier Swing Arm Lamp,41.96,2,0,10.9096
7325,US-2017-126053,12/5/2017,12/8/2017,First Class,CS-11950,Carlos Soltero,Consumer,United States,New York City,New York,10024,East,OFF-LA-10003766,Office Supplies,Labels,Self-Adhesive Removable Labels,9.45,3,0,4.536
7326,US-2017-128447,11/10/2017,11/17/2017,Standard Class,MC-17845,Michael Chen,Consumer,United States,Pasco,Washington,99301,West,OFF-AP-10004540,Office Supplies,Appliances,"Eureka The Boss Lite 10-Amp Upright Vacuum, Blue",400.8,5,0,112.224
7327,US-2017-128447,11/10/2017,11/17/2017,Standard Class,MC-17845,Michael Chen,Consumer,United States,Pasco,Washington,99301,West,OFF-BI-10001543,Office Supplies,Binders,GBC VeloBinder Manual Binding System,28.792,1,0.2,10.0772
7328,US-2014-131275,3/18/2014,3/24/2014,Standard Class,SC-20050,Sample Company A,Home Office,United States,Burbank,California,91505,West,FUR-FU-10004597,Furniture,Furnishings,Eldon Cleatmat Chair Mats for Medium Pile Carpets,111,2,0,14.43
7329,US-2014-131275,3/18/2014,3/24/2014,Standard Class,SC-20050,Sample Company A,Home Office,United States,Burbank,California,91505,West,TEC-MA-10001148,Technology,Machines,Swingline SM12-08 MicroCut Jam Free Shredder,1279.968,4,0.2,415.9896
7330,US-2014-131275,3/18/2014,3/24/2014,Standard Class,SC-20050,Sample Company A,Home Office,United States,Burbank,California,91505,West,OFF-ST-10000078,Office Supplies,Storage,Tennsco 6- and 18-Compartment Lockers,1856.19,7,0,334.1142
7331,CA-2016-149349,11/12/2016,11/13/2016,First Class,SP-20650,Stephanie Phelps,Corporate,United States,Chicago,Illinois,60623,Central,FUR-FU-10001037,Furniture,Furnishings,"DAX Charcoal/Nickel-Tone Document Frame, 5 x 7",22.752,6,0.6,-8.532
7332,CA-2017-115119,10/26/2017,10/30/2017,Standard Class,SC-20440,Shaun Chance,Corporate,United States,Lancaster,Pennsylvania,17602,East,TEC-PH-10001433,Technology,Phones,Cisco Small Business SPA 502G VoIP phone,61.542,1,0.4,-13.3341
7333,CA-2017-115119,10/26/2017,10/30/2017,Standard Class,SC-20440,Shaun Chance,Corporate,United States,Lancaster,Pennsylvania,17602,East,OFF-BI-10003007,Office Supplies,Binders,"Premium Transparent Presentation Covers, No Pattern/Clear, 8 1/2"" x 11""",81.438,7,0.7,-65.1504
7334,CA-2015-125563,4/11/2015,4/17/2015,Standard Class,PR-18880,Patrick Ryan,Consumer,United States,Tampa,Florida,33614,South,FUR-FU-10001290,Furniture,Furnishings,Executive Impressions Supervisor Wall Clock,67.36,2,0.2,10.104
7335,CA-2015-125563,4/11/2015,4/17/2015,Standard Class,PR-18880,Patrick Ryan,Consumer,United States,Tampa,Florida,33614,South,FUR-FU-10000087,Furniture,Furnishings,"Executive Impressions 14"" Two-Color Numerals Wall Clock",54.528,3,0.2,14.3136
7336,CA-2015-113152,12/25/2015,12/30/2015,Standard Class,JK-15625,Jim Karlsson,Consumer,United States,New York City,New York,10024,East,TEC-AC-10002049,Technology,Accessories,Plantronics Savi W720 Multi-Device Wireless Headset System,843.9,2,0,371.316
7337,CA-2015-113152,12/25/2015,12/30/2015,Standard Class,JK-15625,Jim Karlsson,Consumer,United States,New York City,New York,10024,East,FUR-BO-10002613,Furniture,Bookcases,"Atlantic Metals Mobile 4-Shelf Bookcases, Custom Colors",449.568,2,0.2,56.196
7338,CA-2017-165155,9/21/2017,9/23/2017,First Class,BM-11575,Brendan Murry,Corporate,United States,Los Angeles,California,90045,West,OFF-ST-10004950,Office Supplies,Storage,"Tenex Personal Filing Tote With Secure Closure Lid, Black/Frost",15.51,1,0,3.8775
7339,CA-2014-163412,12/20/2014,12/23/2014,Second Class,SM-20950,Suzanne McNair,Corporate,United States,New York City,New York,10035,East,FUR-CH-10004875,Furniture,Chairs,Harbour Creations 67200 Series Stacking Chairs,192.186,3,0.1,36.3018
7340,CA-2015-159590,7/18/2015,7/21/2015,First Class,KC-16255,Karen Carlisle,Corporate,United States,New York City,New York,10009,East,OFF-AR-10003190,Office Supplies,Art,Newell 32,5.76,2,0,1.6128
7341,CA-2014-116190,7/26/2014,8/1/2014,Standard Class,SG-20470,Sheri Gordon,Consumer,United States,Atlanta,Georgia,30318,South,FUR-CH-10000553,Furniture,Chairs,"Metal Folding Chairs, Beige, 4/Carton",67.88,2,0,18.3276
7342,CA-2014-116190,7/26/2014,8/1/2014,Standard Class,SG-20470,Sheri Gordon,Consumer,United States,Atlanta,Georgia,30318,South,OFF-LA-10002762,Office Supplies,Labels,Avery 485,162.89,13,0,76.5583
7343,CA-2014-116190,7/26/2014,8/1/2014,Standard Class,SG-20470,Sheri Gordon,Consumer,United States,Atlanta,Georgia,30318,South,FUR-FU-10000719,Furniture,Furnishings,"DAX Cubicle Frames, 8-1/2 x 11",25.71,3,0,9.2556
7344,CA-2014-168473,12/26/2014,1/1/2015,Standard Class,TB-21520,Tracy Blumstein,Consumer,United States,New York City,New York,10009,East,OFF-ST-10000563,Office Supplies,Storage,Fellowes Bankers Box Stor/Drawer Steel Plus,191.88,6,0,19.188
7345,CA-2017-168389,12/11/2017,12/17/2017,Standard Class,DV-13045,Darrin Van Huff,Corporate,United States,Jacksonville,Florida,32216,South,FUR-TA-10004289,Furniture,Tables,BoxOffice By Design Rectangular and Half-Moon Meeting Room Tables,721.875,6,0.45,-420
7346,CA-2017-168389,12/11/2017,12/17/2017,Standard Class,DV-13045,Darrin Van Huff,Corporate,United States,Jacksonville,Florida,32216,South,TEC-PH-10003555,Technology,Phones,Motorola HK250 Universal Bluetooth Headset,73.568,4,0.2,-16.5528
7347,CA-2017-168389,12/11/2017,12/17/2017,Standard Class,DV-13045,Darrin Van Huff,Corporate,United States,Jacksonville,Florida,32216,South,OFF-AR-10001958,Office Supplies,Art,Stanley Bostitch Contemporary Electric Pencil Sharpeners,13.584,1,0.2,1.3584
7348,CA-2017-168389,12/11/2017,12/17/2017,Standard Class,DV-13045,Darrin Van Huff,Corporate,United States,Jacksonville,Florida,32216,South,FUR-CH-10000225,Furniture,Chairs,"Global Geo Office Task Chair, Gray",64.784,1,0.2,-12.147
7349,CA-2014-130421,3/3/2014,3/7/2014,Standard Class,SC-20020,Sam Craven,Consumer,United States,Houston,Texas,77095,Central,OFF-AP-10002534,Office Supplies,Appliances,3.6 Cubic Foot Counter Height Office Refrigerator,176.772,3,0.8,-459.6072
7350,CA-2017-142125,10/21/2017,10/27/2017,Standard Class,JB-15400,Jennifer Braxton,Corporate,United States,Milwaukee,Wisconsin,53209,Central,OFF-BI-10000301,Office Supplies,Binders,GBC Instant Report Kit,38.82,6,0,19.41
7351,CA-2017-142125,10/21/2017,10/27/2017,Standard Class,JB-15400,Jennifer Braxton,Corporate,United States,Milwaukee,Wisconsin,53209,Central,OFF-BI-10003460,Office Supplies,Binders,Acco 3-Hole Punch,21.9,5,0,10.512
7352,CA-2017-141138,11/10/2017,11/16/2017,Standard Class,GH-14425,Gary Hwang,Consumer,United States,Modesto,California,95351,West,TEC-AC-10001772,Technology,Accessories,Memorex Mini Travel Drive 16 GB USB 2.0 Flash Drive,111.79,7,0,43.5981
7353,CA-2017-152135,3/16/2017,3/18/2017,Second Class,MG-17650,Matthew Grinstein,Home Office,United States,Lakewood,Ohio,44107,East,TEC-PH-10003505,Technology,Phones,Geemarc AmpliPOWER60,445.44,8,0.4,-81.664
7354,CA-2016-151974,9/22/2016,9/29/2016,Standard Class,RD-19660,Robert Dilbeck,Home Office,United States,Philadelphia,Pennsylvania,19134,East,OFF-LA-10004484,Office Supplies,Labels,Avery 476,16.52,5,0.2,5.369
7355,CA-2017-154102,2/6/2017,2/13/2017,Standard Class,SN-20560,Skye Norling,Home Office,United States,San Francisco,California,94109,West,OFF-PA-10001593,Office Supplies,Paper,Xerox 1947,29.9,5,0,13.455
7356,CA-2015-139780,12/31/2015,1/2/2016,Second Class,AH-10690,Anna Häberlin,Corporate,United States,Detroit,Michigan,48205,Central,OFF-BI-10004139,Office Supplies,Binders,Fellowes Presentation Covers for Comb Binding Machines,116.4,8,0,52.38
7357,CA-2016-114748,10/9/2016,10/14/2016,Standard Class,MZ-17335,Maria Zettner,Home Office,United States,Phoenix,Arizona,85023,West,OFF-AR-10001315,Office Supplies,Art,Newell 310,1.408,1,0.2,0.1584
7358,CA-2016-114748,10/9/2016,10/14/2016,Standard Class,MZ-17335,Maria Zettner,Home Office,United States,Phoenix,Arizona,85023,West,FUR-FU-10001488,Furniture,Furnishings,"Tenex 46"" x 60"" Computer Anti-Static Chairmat, Rectangular Shaped",169.568,2,0.2,0
7359,US-2014-115189,12/30/2014,1/3/2015,Second Class,AR-10345,Alex Russell,Corporate,United States,Philadelphia,Pennsylvania,19143,East,TEC-PH-10002170,Technology,Phones,ClearSounds CSC500 Amplified Spirit Phone Corded phone,251.964,6,0.4,-50.3928
7360,US-2014-115189,12/30/2014,1/3/2015,Second Class,AR-10345,Alex Russell,Corporate,United States,Philadelphia,Pennsylvania,19143,East,FUR-TA-10004575,Furniture,Tables,Hon 5100 Series Wood Tables,523.764,3,0.4,-192.0468
7361,CA-2016-163594,4/12/2016,4/14/2016,First Class,JF-15295,Jason Fortune-,Consumer,United States,Los Angeles,California,90036,West,OFF-PA-10000809,Office Supplies,Paper,Xerox 206,19.44,3,0,9.3312
7362,CA-2016-163594,4/12/2016,4/14/2016,First Class,JF-15295,Jason Fortune-,Consumer,United States,Los Angeles,California,90036,West,FUR-CH-10000225,Furniture,Chairs,"Global Geo Office Task Chair, Gray",194.352,3,0.2,-36.441
7363,CA-2016-163594,4/12/2016,4/14/2016,First Class,JF-15295,Jason Fortune-,Consumer,United States,Los Angeles,California,90036,West,OFF-BI-10003707,Office Supplies,Binders,Aluminum Screw Posts,36.624,3,0.2,13.734
7364,CA-2016-127243,11/28/2016,12/4/2016,Standard Class,DS-13180,David Smith,Corporate,United States,Philadelphia,Pennsylvania,19140,East,TEC-PH-10004539,Technology,Phones,Wireless Extenders zBoost YX545 SOHO Signal Booster,340.182,3,0.4,-73.7061
7365,CA-2016-127243,11/28/2016,12/4/2016,Standard Class,DS-13180,David Smith,Corporate,United States,Philadelphia,Pennsylvania,19140,East,OFF-FA-10004076,Office Supplies,Fasteners,Translucent Push Pins by OIC,12.672,8,0.2,2.6928
7366,CA-2016-127243,11/28/2016,12/4/2016,Standard Class,DS-13180,David Smith,Corporate,United States,Philadelphia,Pennsylvania,19140,East,OFF-BI-10003166,Office Supplies,Binders,GBC Plasticlear Binding Covers,6.888,2,0.7,-5.0512
7367,CA-2016-127243,11/28/2016,12/4/2016,Standard Class,DS-13180,David Smith,Corporate,United States,Philadelphia,Pennsylvania,19140,East,OFF-ST-10002301,Office Supplies,Storage,Tennsco Commercial Shelving,32.544,2,0.2,-7.7292
7368,CA-2016-127243,11/28/2016,12/4/2016,Standard Class,DS-13180,David Smith,Corporate,United States,Philadelphia,Pennsylvania,19140,East,FUR-CH-10002647,Furniture,Chairs,"Situations Contoured Folding Chairs, 4/Set",347.802,7,0.3,-24.843
7369,CA-2017-161851,4/15/2017,4/17/2017,First Class,BP-11095,Bart Pistole,Corporate,United States,Miami,Florida,33180,South,OFF-BI-10004654,Office Supplies,Binders,VariCap6 Expandable Binder,15.57,3,0.7,-11.937
7370,CA-2015-110345,3/9/2015,3/11/2015,Second Class,TG-21310,Toby Gnade,Consumer,United States,Raleigh,North Carolina,27604,South,OFF-LA-10001175,Office Supplies,Labels,Avery 514,4.608,2,0.2,1.6704
7371,CA-2014-107769,10/28/2014,11/1/2014,Standard Class,BT-11395,Bill Tyler,Corporate,United States,Garden City,Kansas,67846,Central,TEC-PH-10001336,Technology,Phones,Digium D40 VoIP phone,257.98,2,0,74.8142
7372,US-2017-123862,1/7/2017,1/9/2017,Second Class,JF-15190,Jamie Frazer,Consumer,United States,Long Beach,California,90805,West,OFF-ST-10000760,Office Supplies,Storage,Eldon Fold 'N Roll Cart System,153.78,11,0,44.5962
7373,US-2017-123862,1/7/2017,1/9/2017,Second Class,JF-15190,Jamie Frazer,Consumer,United States,Long Beach,California,90805,West,OFF-ST-10002301,Office Supplies,Storage,Tennsco Commercial Shelving,61.02,3,0,0.6102
7374,US-2017-123862,1/7/2017,1/9/2017,Second Class,JF-15190,Jamie Frazer,Consumer,United States,Long Beach,California,90805,West,OFF-SU-10004884,Office Supplies,Supplies,Acme Galleria Hot Forged Steel Scissors with Colored Handles,110.11,7,0,31.9319
7375,US-2017-123862,1/7/2017,1/9/2017,Second Class,JF-15190,Jamie Frazer,Consumer,United States,Long Beach,California,90805,West,OFF-FA-10003112,Office Supplies,Fasteners,Staples,7.89,1,0,3.5505
7376,CA-2017-100580,8/13/2017,8/20/2017,Standard Class,MK-17905,Michael Kennedy,Corporate,United States,San Diego,California,92037,West,OFF-BI-10000069,Office Supplies,Binders,"GBC Prepunched Paper, 19-Hole, for Binding Systems, 24-lb",36.024,3,0.2,11.7078
7377,US-2017-145597,11/2/2017,11/5/2017,First Class,GG-14650,Greg Guthrie,Corporate,United States,Bloomington,Illinois,61701,Central,OFF-AR-10001958,Office Supplies,Art,Stanley Bostitch Contemporary Electric Pencil Sharpeners,54.336,4,0.2,5.4336
7378,CA-2014-132787,9/19/2014,9/23/2014,Standard Class,MC-18130,Mike Caudle,Corporate,United States,Seattle,Washington,98115,West,OFF-ST-10001321,Office Supplies,Storage,"Decoflex Hanging Personal Folder File, Blue",92.52,6,0,24.9804
7379,CA-2015-136224,5/31/2015,5/31/2015,Same Day,ML-18265,Muhammed Lee,Consumer,United States,Fayetteville,North Carolina,28314,South,OFF-AR-10003504,Office Supplies,Art,Newell 347,10.272,3,0.2,1.1556
7380,CA-2016-105732,9/13/2016,9/18/2016,Standard Class,AG-10270,Alejandro Grove,Consumer,United States,Omaha,Nebraska,68104,Central,OFF-ST-10000419,Office Supplies,Storage,"Rogers Jumbo File, Granite",40.74,3,0,0.4074
7381,CA-2016-105732,9/13/2016,9/18/2016,Standard Class,AG-10270,Alejandro Grove,Consumer,United States,Omaha,Nebraska,68104,Central,OFF-LA-10004559,Office Supplies,Labels,Avery 49,14.4,5,0,7.056
7382,CA-2016-105732,9/13/2016,9/18/2016,Standard Class,AG-10270,Alejandro Grove,Consumer,United States,Omaha,Nebraska,68104,Central,TEC-PH-10001644,Technology,Phones,"BlueLounge Milo Smartphone Stand, White/Metallic",149.95,5,0,41.986
7383,CA-2016-105732,9/13/2016,9/18/2016,Standard Class,AG-10270,Alejandro Grove,Consumer,United States,Omaha,Nebraska,68104,Central,OFF-SU-10004782,Office Supplies,Supplies,"Elite 5"" Scissors",16.9,2,0,5.07
7384,CA-2016-105732,9/13/2016,9/18/2016,Standard Class,AG-10270,Alejandro Grove,Consumer,United States,Omaha,Nebraska,68104,Central,OFF-PA-10002250,Office Supplies,Paper,Things To Do Today Pad,17.61,3,0,8.4528
7385,CA-2016-105732,9/13/2016,9/18/2016,Standard Class,AG-10270,Alejandro Grove,Consumer,United States,Omaha,Nebraska,68104,Central,OFF-AP-10001394,Office Supplies,Appliances,Harmony Air Purifier,378,2,0,136.08
7386,CA-2016-105732,9/13/2016,9/18/2016,Standard Class,AG-10270,Alejandro Grove,Consumer,United States,Omaha,Nebraska,68104,Central,OFF-PA-10001838,Office Supplies,Paper,"Adams Telephone Message Book W/Dividers/Space For Phone Numbers, 5 1/4""X8 1/2"", 300/Messages",17.64,3,0,8.6436
7387,CA-2016-105732,9/13/2016,9/18/2016,Standard Class,AG-10270,Alejandro Grove,Consumer,United States,Omaha,Nebraska,68104,Central,OFF-ST-10004340,Office Supplies,Storage,"Fellowes Mobile File Cart, Black",373.08,6,0,100.7316
7388,CA-2016-105732,9/13/2016,9/18/2016,Standard Class,AG-10270,Alejandro Grove,Consumer,United States,Omaha,Nebraska,68104,Central,FUR-FU-10003664,Furniture,Furnishings,"Electrix Architect's Clamp-On Swing Arm Lamp, Black",1336.44,14,0,387.5676
7389,CA-2016-105732,9/13/2016,9/18/2016,Standard Class,AG-10270,Alejandro Grove,Consumer,United States,Omaha,Nebraska,68104,Central,TEC-PH-10004897,Technology,Phones,Mediabridge Sport Armband iPhone 5s,29.97,3,0,0.2997
7390,CA-2017-108035,11/29/2017,12/3/2017,Standard Class,TT-21070,Ted Trevino,Consumer,United States,Chattanooga,Tennessee,37421,South,FUR-CH-10000454,Furniture,Chairs,"Hon Deluxe Fabric Upholstered Stacking Chairs, Rounded Back",390.368,2,0.2,48.796
7391,CA-2017-108035,11/29/2017,12/3/2017,Standard Class,TT-21070,Ted Trevino,Consumer,United States,Chattanooga,Tennessee,37421,South,FUR-FU-10004017,Furniture,Furnishings,"Executive Impressions 13"" Chairman Wall Clock",101.52,5,0.2,19.035
7392,CA-2017-160031,12/4/2017,12/7/2017,Second Class,LT-16765,Larry Tron,Consumer,United States,Fairfield,Ohio,45014,East,OFF-PA-10000241,Office Supplies,Paper,"IBM Multi-Purpose Copy Paper, 8 1/2 x 11"", Case",74.352,3,0.2,23.235
7393,CA-2017-147844,5/2/2017,5/6/2017,Standard Class,DD-13570,Dorothy Dickinson,Consumer,United States,Los Angeles,California,90049,West,OFF-PA-10003016,Office Supplies,Paper,"Adams ""While You Were Out"" Message Pads",15.7,5,0,7.065
7394,CA-2017-147844,5/2/2017,5/6/2017,Standard Class,DD-13570,Dorothy Dickinson,Consumer,United States,Los Angeles,California,90049,West,OFF-AR-10001615,Office Supplies,Art,Newell 34,59.52,3,0,15.4752
7395,CA-2017-147844,5/2/2017,5/6/2017,Standard Class,DD-13570,Dorothy Dickinson,Consumer,United States,Los Angeles,California,90049,West,OFF-PA-10002713,Office Supplies,Paper,"Adams Phone Message Book, 200 Message Capacity, 8 1/16” x 11”",34.4,5,0,15.824
7396,CA-2016-110975,12/25/2016,12/30/2016,Standard Class,DB-12970,Darren Budd,Corporate,United States,New York City,New York,10024,East,FUR-TA-10002958,Furniture,Tables,"Bevis Oval Conference Table, Walnut",313.176,2,0.4,-120.0508
7397,CA-2016-110975,12/25/2016,12/30/2016,Standard Class,DB-12970,Darren Budd,Corporate,United States,New York City,New York,10024,East,FUR-CH-10003746,Furniture,Chairs,Hon 4070 Series Pagoda Round Back Stacking Chairs,866.646,3,0.1,173.3292
7398,CA-2014-141649,9/30/2014,9/30/2014,Same Day,DM-12955,Dario Medina,Corporate,United States,Fairfield,Ohio,45014,East,OFF-AP-10003217,Office Supplies,Appliances,Eureka Sanitaire  Commercial Upright,795.408,6,0.2,59.6556
7399,CA-2014-124807,7/12/2014,7/15/2014,Second Class,ME-17725,Max Engle,Consumer,United States,Chicago,Illinois,60610,Central,OFF-PA-10001526,Office Supplies,Paper,Xerox 1949,35.856,9,0.2,12.9978
7400,CA-2014-124807,7/12/2014,7/15/2014,Second Class,ME-17725,Max Engle,Consumer,United States,Chicago,Illinois,60610,Central,TEC-AC-10002857,Technology,Accessories,"Verbatim 25 GB 6x Blu-ray Single Layer Recordable Disc, 1/Pack",23.84,4,0.2,3.278
7401,CA-2016-110009,9/8/2016,9/13/2016,Standard Class,TR-21325,Toby Ritter,Consumer,United States,Seattle,Washington,98103,West,FUR-FU-10003039,Furniture,Furnishings,"Howard Miller 11-1/2"" Diameter Grantwood Wall Clock",43.13,1,0,14.6642
7402,CA-2016-110009,9/8/2016,9/13/2016,Standard Class,TR-21325,Toby Ritter,Consumer,United States,Seattle,Washington,98103,West,OFF-PA-10002615,Office Supplies,Paper,"Ampad Gold Fibre Wirebound Steno Books, 6"" x 9"", Gregg Ruled",30.87,7,0,14.2002
7403,CA-2017-168172,8/6/2017,8/10/2017,Standard Class,SH-20395,Shahid Hopkins,Consumer,United States,New York City,New York,10011,East,OFF-SU-10002573,Office Supplies,Supplies,"Acme 10"" Easy Grip Assistive Scissors",70.12,4,0,21.036
7404,CA-2015-100146,5/14/2015,5/19/2015,Standard Class,CB-12535,Claudia Bergmann,Corporate,United States,Camarillo,California,93010,West,FUR-BO-10004015,Furniture,Bookcases,"Bush Andora Bookcase, Maple/Graphite Gray Finish",509.9575,5,0.15,41.9965
7405,CA-2015-100146,5/14/2015,5/19/2015,Standard Class,CB-12535,Claudia Bergmann,Corporate,United States,Camarillo,California,93010,West,FUR-FU-10001979,Furniture,Furnishings,Dana Halogen Swing-Arm Architect Lamp,122.91,3,0,34.4148
7406,CA-2015-100146,5/14/2015,5/19/2015,Standard Class,CB-12535,Claudia Bergmann,Corporate,United States,Camarillo,California,93010,West,FUR-CH-10003833,Furniture,Chairs,Novimex Fabric Task Chair,97.568,2,0.2,-6.098
7407,CA-2015-100146,5/14/2015,5/19/2015,Standard Class,CB-12535,Claudia Bergmann,Corporate,United States,Camarillo,California,93010,West,FUR-CH-10004495,Furniture,Chairs,"Global Leather and Oak Executive Chair, Black",722.352,3,0.2,81.2646
7408,CA-2017-152079,1/20/2017,1/21/2017,First Class,ML-17410,Maris LaWare,Consumer,United States,Chicago,Illinois,60653,Central,OFF-LA-10001613,Office Supplies,Labels,Avery File Folder Labels,11.52,5,0.2,4.176
7409,CA-2016-129728,5/30/2016,6/6/2016,Standard Class,JG-15310,Jason Gross,Corporate,United States,Los Angeles,California,90032,West,FUR-FU-10003247,Furniture,Furnishings,36X48 HARDFLOOR CHAIRMAT,167.84,8,0,11.7488
7410,CA-2014-121769,4/8/2014,4/12/2014,Standard Class,JS-15880,John Stevenson,Consumer,United States,Toledo,Ohio,43615,East,FUR-TA-10004442,Furniture,Tables,Riverside Furniture Stanwyck Manor Table Series,172.11,1,0.4,-94.6605
7411,CA-2014-103058,7/23/2014,7/24/2014,First Class,AG-10270,Alejandro Grove,Consumer,United States,New York City,New York,10011,East,TEC-AC-10001314,Technology,Accessories,Case Logic 2.4GHz Wireless Keyboard,99.98,2,0,7.9984
7412,CA-2017-121125,5/30/2017,6/3/2017,Standard Class,MG-17890,Michael Granlund,Home Office,United States,Tigard,Oregon,97224,West,TEC-PH-10001619,Technology,Phones,LG G3,156.792,1,0.2,17.6391
7413,CA-2017-121125,5/30/2017,6/3/2017,Standard Class,MG-17890,Michael Granlund,Home Office,United States,Tigard,Oregon,97224,West,TEC-AC-10002323,Technology,Accessories,SanDisk Ultra 32 GB MicroSDHC Class 10 Memory Card,35.36,2,0.2,-3.094
7414,CA-2017-121125,5/30/2017,6/3/2017,Standard Class,MG-17890,Michael Granlund,Home Office,United States,Tigard,Oregon,97224,West,FUR-FU-10000820,Furniture,Furnishings,Tensor Brushed Steel Torchiere Floor Lamp,13.592,1,0.2,-0.3398
7415,US-2016-114013,3/13/2016,3/15/2016,Second Class,SC-20770,Stewart Carmichael,Corporate,United States,Philadelphia,Pennsylvania,19134,East,FUR-CH-10004287,Furniture,Chairs,SAFCO Arco Folding Chair,386.68,2,0.3,-5.524
7416,US-2016-114013,3/13/2016,3/15/2016,Second Class,SC-20770,Stewart Carmichael,Corporate,United States,Philadelphia,Pennsylvania,19134,East,TEC-AC-10000474,Technology,Accessories,Kensington Expert Mouse Optical USB Trackball for PC or Mac,379.96,5,0.2,47.495
7417,US-2016-114013,3/13/2016,3/15/2016,Second Class,SC-20770,Stewart Carmichael,Corporate,United States,Philadelphia,Pennsylvania,19134,East,TEC-PH-10001494,Technology,Phones,Polycom CX600 IP Phone VoIP phone,539.91,3,0.4,-116.9805
7418,US-2016-114013,3/13/2016,3/15/2016,Second Class,SC-20770,Stewart Carmichael,Corporate,United States,Philadelphia,Pennsylvania,19134,East,OFF-PA-10004996,Office Supplies,Paper,"Speediset Carbonless Redi-Letter 7"" x 8 1/2""",41.24,5,0.2,13.9185
7419,US-2016-114013,3/13/2016,3/15/2016,Second Class,SC-20770,Stewart Carmichael,Corporate,United States,Philadelphia,Pennsylvania,19134,East,OFF-BI-10004318,Office Supplies,Binders,Ibico EB-19 Dual Function Manual Binding System,51.897,1,0.7,-41.5176
7420,US-2016-114013,3/13/2016,3/15/2016,Second Class,SC-20770,Stewart Carmichael,Corporate,United States,Philadelphia,Pennsylvania,19134,East,OFF-ST-10002574,Office Supplies,Storage,"SAFCO Commercial Wire Shelving, Black",552.56,5,0.2,-138.14
7421,US-2016-114013,3/13/2016,3/15/2016,Second Class,SC-20770,Stewart Carmichael,Corporate,United States,Philadelphia,Pennsylvania,19134,East,OFF-BI-10002353,Office Supplies,Binders,GBC VeloBind Cover Sets,23.16,5,0.7,-15.44
7422,US-2016-114013,3/13/2016,3/15/2016,Second Class,SC-20770,Stewart Carmichael,Corporate,United States,Philadelphia,Pennsylvania,19134,East,OFF-ST-10003641,Office Supplies,Storage,Space Solutions Industrial Galvanized Steel Shelving.,126.08,2,0.2,-28.368
7423,US-2016-114013,3/13/2016,3/15/2016,Second Class,SC-20770,Stewart Carmichael,Corporate,United States,Philadelphia,Pennsylvania,19134,East,TEC-MA-10001148,Technology,Machines,Okidata MB491 Multifunction Printer,449.1,3,0.7,-643.71
7424,CA-2017-135069,4/10/2017,4/14/2017,Standard Class,BS-11755,Bruce Stewart,Consumer,United States,Philadelphia,Pennsylvania,19143,East,OFF-AP-10000026,Office Supplies,Appliances,Tripp Lite Isotel 6 Outlet Surge Protector with Fax/Modem Protection,195.104,4,0.2,21.9492
7425,CA-2017-135069,4/10/2017,4/14/2017,Standard Class,BS-11755,Bruce Stewart,Consumer,United States,Philadelphia,Pennsylvania,19143,East,FUR-FU-10003878,Furniture,Furnishings,"Linden 10"" Round Wall Clock, Black",36.672,3,0.2,6.4176
7426,CA-2016-101693,6/25/2016,6/27/2016,Second Class,LC-17140,Logan Currie,Consumer,United States,Houston,Texas,77070,Central,FUR-CH-10001146,Furniture,Chairs,"Global Value Mid-Back Manager's Chair, Gray",85.246,2,0.3,-6.089
7427,CA-2016-101693,6/25/2016,6/27/2016,Second Class,LC-17140,Logan Currie,Consumer,United States,Houston,Texas,77070,Central,FUR-FU-10003919,Furniture,Furnishings,Eldon Executive Woodline II Cherry Finish Desk Accessories,32.712,2,0.6,-26.1696
7428,US-2014-164763,3/17/2014,3/21/2014,Standard Class,MH-17440,Mark Haberlin,Corporate,United States,Jackson,Mississippi,39212,South,OFF-BI-10000605,Office Supplies,Binders,"Acco Pressboard Covers with Storage Hooks, 9 1/2"" x 11"", Executive Red",11.43,3,0,5.3721
7429,US-2014-164763,3/17/2014,3/21/2014,Standard Class,MH-17440,Mark Haberlin,Corporate,United States,Jackson,Mississippi,39212,South,OFF-BI-10000309,Office Supplies,Binders,"GBC Twin Loop Wire Binding Elements, 9/16"" Spine, Black",30.44,2,0,14.9156
7430,US-2014-164763,3/17/2014,3/21/2014,Standard Class,MH-17440,Mark Haberlin,Corporate,United States,Jackson,Mississippi,39212,South,OFF-PA-10003349,Office Supplies,Paper,Xerox 1957,12.96,2,0,6.3504
7431,US-2014-164763,3/17/2014,3/21/2014,Standard Class,MH-17440,Mark Haberlin,Corporate,United States,Jackson,Mississippi,39212,South,OFF-PA-10003063,Office Supplies,Paper,EcoTones Memo Sheets,16,4,0,7.68
7432,US-2014-164763,3/17/2014,3/21/2014,Standard Class,MH-17440,Mark Haberlin,Corporate,United States,Jackson,Mississippi,39212,South,OFF-AP-10003971,Office Supplies,Appliances,Belkin 6 Outlet Metallic Surge Strip,32.67,3,0,8.4942
7433,CA-2014-161249,8/9/2014,8/13/2014,Standard Class,RD-19720,Roger Demir,Consumer,United States,Phoenix,Arizona,85023,West,OFF-FA-10004838,Office Supplies,Fasteners,"Super Bands, 12/Pack",4.464,3,0.2,-0.9486
7434,CA-2014-161249,8/9/2014,8/13/2014,Standard Class,RD-19720,Roger Demir,Consumer,United States,Phoenix,Arizona,85023,West,OFF-BI-10001097,Office Supplies,Binders,Avery Hole Reinforcements,9.345,5,0.7,-6.5415
7435,CA-2015-148180,7/26/2015,7/31/2015,Standard Class,BP-11095,Bart Pistole,Corporate,United States,Oxnard,California,93030,West,OFF-BI-10000605,Office Supplies,Binders,"Acco Pressboard Covers with Storage Hooks, 9 1/2"" x 11"", Executive Red",9.144,3,0.2,3.0861
7436,CA-2015-148180,7/26/2015,7/31/2015,Standard Class,BP-11095,Bart Pistole,Corporate,United States,Oxnard,California,93030,West,OFF-BI-10003314,Office Supplies,Binders,Tuff Stuff Recycled Round Ring Binders,23.136,6,0.2,8.3868
7437,CA-2015-148180,7/26/2015,7/31/2015,Standard Class,BP-11095,Bart Pistole,Corporate,United States,Oxnard,California,93030,West,OFF-AR-10002067,Office Supplies,Art,Newell 334,99.2,5,0,25.792
7438,CA-2014-165568,2/15/2014,2/19/2014,Standard Class,BF-11020,Barry Französisch,Corporate,United States,Seattle,Washington,98105,West,OFF-BI-10001031,Office Supplies,Binders,Pressboard Data Binders by Wilson Jones,21.36,5,0.2,7.209
7439,CA-2015-145457,3/24/2015,3/27/2015,Second Class,CP-12085,Cathy Prescott,Corporate,United States,Covington,Washington,98042,West,FUR-FU-10003832,Furniture,Furnishings,"Eldon Expressions Punched Metal & Wood Desk Accessories, Black & Cherry",46.9,5,0,13.132
7440,US-2017-163657,9/2/2017,9/6/2017,Standard Class,JL-15235,Janet Lee,Consumer,United States,Los Angeles,California,90049,West,OFF-BI-10000138,Office Supplies,Binders,Acco Translucent Poly Ring Binders,18.72,5,0.2,6.552
7441,US-2017-163657,9/2/2017,9/6/2017,Standard Class,JL-15235,Janet Lee,Consumer,United States,Los Angeles,California,90049,West,FUR-TA-10004607,Furniture,Tables,Hon 2111 Invitation Series Straight Table,236.528,2,0.2,-2.9566
7442,CA-2015-120446,11/16/2015,11/18/2015,First Class,JG-15805,John Grady,Corporate,United States,San Diego,California,92105,West,OFF-LA-10003148,Office Supplies,Labels,Avery 51,18.9,3,0,8.694
7443,CA-2014-109932,12/9/2014,12/11/2014,First Class,VP-21760,Victoria Pisteka,Corporate,United States,Brownsville,Texas,78521,Central,OFF-PA-10001804,Office Supplies,Paper,Xerox 195,10.688,2,0.2,3.7408
7444,CA-2014-109932,12/9/2014,12/11/2014,First Class,VP-21760,Victoria Pisteka,Corporate,United States,Brownsville,Texas,78521,Central,OFF-ST-10000036,Office Supplies,Storage,"Recycled Data-Pak for Archival Bound Computer Printouts, 12-1/2 x 12-1/2 x 16",237.096,3,0.2,20.7459
7445,CA-2017-127474,2/3/2017,2/7/2017,Second Class,RD-19810,Ross DeVincentis,Home Office,United States,Chicago,Illinois,60610,Central,OFF-PA-10001166,Office Supplies,Paper,Xerox 2,5.184,1,0.2,1.8144
7446,CA-2017-127474,2/3/2017,2/7/2017,Second Class,RD-19810,Ross DeVincentis,Home Office,United States,Chicago,Illinois,60610,Central,OFF-PA-10001033,Office Supplies,Paper,Xerox 1893,65.584,2,0.2,23.7742
7447,CA-2017-127474,2/3/2017,2/7/2017,Second Class,RD-19810,Ross DeVincentis,Home Office,United States,Chicago,Illinois,60610,Central,FUR-FU-10004597,Furniture,Furnishings,Eldon Cleatmat Chair Mats for Medium Pile Carpets,22.2,1,0.6,-26.085
7448,CA-2017-127474,2/3/2017,2/7/2017,Second Class,RD-19810,Ross DeVincentis,Home Office,United States,Chicago,Illinois,60610,Central,OFF-PA-10000418,Office Supplies,Paper,Xerox 189,419.4,5,0.2,146.79
7449,CA-2017-115448,11/11/2017,11/14/2017,First Class,MH-18025,Michelle Huthwaite,Consumer,United States,Knoxville,Tennessee,37918,South,FUR-FU-10004090,Furniture,Furnishings,"Executive Impressions 14"" Contract Wall Clock",88.92,5,0.2,14.4495
7450,CA-2017-105669,9/17/2017,9/22/2017,Second Class,SJ-20125,Sanjit Jacobs,Home Office,United States,Houston,Texas,77036,Central,OFF-AR-10000390,Office Supplies,Art,Newell Chalk Holder,9.912,3,0.2,3.2214
7451,CA-2017-105669,9/17/2017,9/22/2017,Second Class,SJ-20125,Sanjit Jacobs,Home Office,United States,Houston,Texas,77036,Central,FUR-CH-10003774,Furniture,Chairs,"Global Wood Trimmed Manager's Task Chair, Khaki",318.43,5,0.3,-77.333
7452,CA-2017-105669,9/17/2017,9/22/2017,Second Class,SJ-20125,Sanjit Jacobs,Home Office,United States,Houston,Texas,77036,Central,OFF-BI-10002412,Office Supplies,Binders,Wilson Jones “Snap” Scratch Pad Binder Tool for Ring Binders,5.8,5,0.8,-10.15
7453,CA-2017-105669,9/17/2017,9/22/2017,Second Class,SJ-20125,Sanjit Jacobs,Home Office,United States,Houston,Texas,77036,Central,TEC-PH-10002415,Technology,Phones,Polycom VoiceStation 500 Conference phone,1415.76,6,0.2,88.485
7454,CA-2017-134796,6/25/2017,7/1/2017,Standard Class,FM-14380,Fred McMath,Consumer,United States,Bolingbrook,Illinois,60440,Central,TEC-PH-10003505,Technology,Phones,Geemarc AmpliPOWER60,148.48,2,0.2,16.704
7455,CA-2016-137743,7/30/2016,8/4/2016,Standard Class,KH-16360,Katherine Hughes,Consumer,United States,Chicago,Illinois,60623,Central,OFF-LA-10003663,Office Supplies,Labels,Avery 498,9.248,4,0.2,3.1212
7456,CA-2016-137743,7/30/2016,8/4/2016,Standard Class,KH-16360,Katherine Hughes,Consumer,United States,Chicago,Illinois,60623,Central,OFF-ST-10001780,Office Supplies,Storage,Tennsco 16-Compartment Lockers with Coat Rack,1036.624,2,0.2,51.8312
7457,CA-2015-137974,4/16/2015,4/18/2015,First Class,LL-16840,Lauren Leatherbury,Consumer,United States,Waynesboro,Virginia,22980,South,TEC-PH-10002033,Technology,Phones,Konftel 250 Conference phone - Charcoal black,569.64,2,0,148.1064
7458,CA-2015-137974,4/16/2015,4/18/2015,First Class,LL-16840,Lauren Leatherbury,Consumer,United States,Waynesboro,Virginia,22980,South,OFF-BI-10001036,Office Supplies,Binders,Cardinal EasyOpen D-Ring Binders,9.14,1,0,4.57
7459,CA-2015-137974,4/16/2015,4/18/2015,First Class,LL-16840,Lauren Leatherbury,Consumer,United States,Waynesboro,Virginia,22980,South,FUR-FU-10001468,Furniture,Furnishings,Tenex Antistatic Computer Chair Mats,1196.86,7,0,119.686
7460,CA-2015-137974,4/16/2015,4/18/2015,First Class,LL-16840,Lauren Leatherbury,Consumer,United States,Waynesboro,Virginia,22980,South,FUR-BO-10001519,Furniture,Bookcases,O'Sullivan 3-Shelf Heavy-Duty Bookcases,523.26,9,0,125.5824
7461,US-2015-136987,4/11/2015,4/14/2015,Second Class,AR-10540,Andy Reiter,Consumer,United States,Los Angeles,California,90004,West,TEC-CO-10001943,Technology,Copiers,Canon PC-428 Personal Copier,639.968,4,0.2,215.9892
7462,US-2015-136987,4/11/2015,4/14/2015,Second Class,AR-10540,Andy Reiter,Consumer,United States,Los Angeles,California,90004,West,OFF-PA-10003127,Office Supplies,Paper,Easy-staple paper,52.76,2,0,24.2696
7463,CA-2015-138485,2/27/2015,3/1/2015,Second Class,NP-18670,Nora Paige,Consumer,United States,Seattle,Washington,98105,West,TEC-AC-10002076,Technology,Accessories,Microsoft Natural Keyboard Elite,538.92,9,0,80.838
7464,CA-2016-103709,9/8/2016,9/15/2016,Standard Class,LP-17095,Liz Preis,Consumer,United States,Visalia,California,93277,West,OFF-AR-10003338,Office Supplies,Art,"Eberhard Faber 3 1/2"" Golf Pencils",14.88,2,0,3.72
7465,CA-2016-103709,9/8/2016,9/15/2016,Standard Class,LP-17095,Liz Preis,Consumer,United States,Visalia,California,93277,West,OFF-PA-10004610,Office Supplies,Paper,Xerox 1900,34.24,8,0,15.408
7466,CA-2016-103709,9/8/2016,9/15/2016,Standard Class,LP-17095,Liz Preis,Consumer,United States,Visalia,California,93277,West,OFF-ST-10001272,Office Supplies,Storage,"Mini 13-1/2 Capacity Data Binder Rack, Pearl",261.74,2,0,65.435
7467,CA-2016-138282,5/19/2016,5/23/2016,Standard Class,AH-10690,Anna Häberlin,Corporate,United States,Los Angeles,California,90008,West,OFF-AP-10001366,Office Supplies,Appliances,Staple holder,87.84,8,0,23.7168
7468,CA-2017-148985,11/11/2017,11/15/2017,Second Class,TB-21190,Thomas Brumley,Home Office,United States,Los Angeles,California,90045,West,FUR-FU-10001424,Furniture,Furnishings,Dax Clear Box Frame,34.92,4,0,11.8728
7469,CA-2014-138100,9/15/2014,9/20/2014,Standard Class,AA-10315,Alex Avila,Consumer,United States,New York City,New York,10011,East,OFF-PA-10000349,Office Supplies,Paper,Easy-staple paper,14.94,3,0,7.0218
7470,CA-2014-138100,9/15/2014,9/20/2014,Standard Class,AA-10315,Alex Avila,Consumer,United States,New York City,New York,10011,East,FUR-FU-10002456,Furniture,Furnishings,"Master Caster Door Stop, Large Neon Orange",14.56,2,0,6.2608
7471,CA-2015-100734,9/15/2015,9/20/2015,Standard Class,AC-10615,Ann Chong,Corporate,United States,Philadelphia,Pennsylvania,19143,East,OFF-BI-10002609,Office Supplies,Binders,Avery Hidden Tab Dividers for Binding Systems,3.576,4,0.7,-2.8608
7472,CA-2015-100734,9/15/2015,9/20/2015,Standard Class,AC-10615,Ann Chong,Corporate,United States,Philadelphia,Pennsylvania,19143,East,OFF-ST-10001522,Office Supplies,Storage,"Gould Plastics 18-Pocket Panel Bin, 34w x 5-1/4d x 20-1/2h",147.184,2,0.2,-29.4368
7473,CA-2016-139997,7/1/2016,7/3/2016,First Class,EM-14140,Eugene Moren,Home Office,United States,Lehi,Utah,84043,West,TEC-CO-10000971,Technology,Copiers,Hewlett Packard 310 Color Digital Copier,1499.95,5,0,449.985
7474,CA-2016-109652,4/10/2016,4/15/2016,Standard Class,QJ-19255,Quincy Jones,Corporate,United States,Chicago,Illinois,60653,Central,OFF-AR-10000034,Office Supplies,Art,"BIC Brite Liner Grip Highlighters, Assorted, 5/Pack",13.568,4,0.2,3.2224
7475,CA-2014-167199,1/6/2014,1/10/2014,Standard Class,ME-17320,Maria Etezadi,Home Office,United States,Henderson,Kentucky,42420,South,FUR-CH-10004063,Furniture,Chairs,Global Deluxe High-Back Manager's Chair,2573.82,9,0,746.4078
7476,CA-2014-167199,1/6/2014,1/10/2014,Standard Class,ME-17320,Maria Etezadi,Home Office,United States,Henderson,Kentucky,42420,South,OFF-BI-10004632,Office Supplies,Binders,Ibico Hi-Tech Manual Binding System,609.98,2,0,274.491
7477,CA-2014-167199,1/6/2014,1/10/2014,Standard Class,ME-17320,Maria Etezadi,Home Office,United States,Henderson,Kentucky,42420,South,OFF-AR-10001662,Office Supplies,Art,Rogers Handheld Barrel Pencil Sharpener,5.48,2,0,1.4796
7478,CA-2014-167199,1/6/2014,1/10/2014,Standard Class,ME-17320,Maria Etezadi,Home Office,United States,Henderson,Kentucky,42420,South,TEC-PH-10004977,Technology,Phones,GE 30524EE4,391.98,2,0,113.6742
7479,CA-2014-167199,1/6/2014,1/10/2014,Standard Class,ME-17320,Maria Etezadi,Home Office,United States,Henderson,Kentucky,42420,South,TEC-PH-10004539,Technology,Phones,Wireless Extenders zBoost YX545 SOHO Signal Booster,755.96,4,0,204.1092
7480,CA-2014-167199,1/6/2014,1/10/2014,Standard Class,ME-17320,Maria Etezadi,Home Office,United States,Henderson,Kentucky,42420,South,OFF-FA-10001883,Office Supplies,Fasteners,"Alliance Super-Size Bands, Assorted Sizes",31.12,4,0,0.3112
7481,CA-2014-167199,1/6/2014,1/10/2014,Standard Class,ME-17320,Maria Etezadi,Home Office,United States,Henderson,Kentucky,42420,South,OFF-PA-10000955,Office Supplies,Paper,Southworth 25% Cotton Granite Paper & Envelopes,6.54,1,0,3.0084
7482,CA-2016-124583,9/1/2016,9/3/2016,Second Class,LB-16795,Laurel Beltran,Home Office,United States,Huntington Beach,California,92646,West,OFF-EN-10002500,Office Supplies,Envelopes,Globe Weis Peel & Seel First Class Envelopes,12.78,1,0,5.751
7483,CA-2014-113964,9/23/2014,9/30/2014,Standard Class,JP-16135,Julie Prescott,Home Office,United States,New York City,New York,10011,East,OFF-BI-10004654,Office Supplies,Binders,Avery Binding System Hidden Tab Executive Style Index Sets,18.464,4,0.2,6.924
7484,CA-2014-129938,12/15/2014,12/17/2014,Second Class,EB-13705,Ed Braxton,Corporate,United States,Philadelphia,Pennsylvania,19140,East,FUR-CH-10003774,Furniture,Chairs,"Global Wood Trimmed Manager's Task Chair, Khaki",445.802,7,0.3,-108.2662
7485,CA-2017-135111,12/28/2017,1/2/2018,Standard Class,CS-12400,Christopher Schild,Home Office,United States,Fargo,North Dakota,58103,Central,OFF-AR-10004707,Office Supplies,Art,Staples in misc. colors,2.48,1,0,0.868
7486,CA-2017-135111,12/28/2017,1/2/2018,Standard Class,CS-12400,Christopher Schild,Home Office,United States,Fargo,North Dakota,58103,Central,OFF-BI-10004040,Office Supplies,Binders,Wilson Jones Impact Binders,25.9,5,0,12.691
7487,US-2015-134558,12/19/2015,12/24/2015,Second Class,PM-19135,Peter McVee,Home Office,United States,Dover,New Hampshire,3820,East,OFF-PA-10001184,Office Supplies,Paper,Xerox 1903,29.9,5,0,14.651
7488,US-2015-134558,12/19/2015,12/24/2015,Second Class,PM-19135,Peter McVee,Home Office,United States,Dover,New Hampshire,3820,East,TEC-AC-10004145,Technology,Accessories,Logitech diNovo Edge Keyboard,2249.91,9,0,517.4793
7489,US-2015-134558,12/19/2015,12/24/2015,Second Class,PM-19135,Peter McVee,Home Office,United States,Dover,New Hampshire,3820,East,FUR-TA-10003473,Furniture,Tables,Bretford Rectangular Conference Table Tops,1053.164,4,0.3,-105.3164
7490,CA-2017-157196,11/5/2017,11/9/2017,Standard Class,AA-10645,Anna Andreadi,Consumer,United States,San Diego,California,92105,West,OFF-PA-10003172,Office Supplies,Paper,Xerox 1996,12.96,2,0,6.2208
7491,CA-2015-108672,9/10/2015,9/16/2015,Standard Class,FA-14230,Frank Atkinson,Corporate,United States,Los Angeles,California,90032,West,FUR-FU-10003799,Furniture,Furnishings,"Seth Thomas 13 1/2"" Wall Clock",106.68,6,0,33.0708
7492,US-2017-118598,11/16/2017,11/16/2017,Same Day,CM-12190,Charlotte Melton,Consumer,United States,Utica,New York,13501,East,TEC-PH-10002583,Technology,Phones,iOttie HLCRIO102 Car Mount,119.94,6,0,5.997
7493,US-2017-160836,9/11/2017,9/16/2017,Standard Class,CC-12475,Cindy Chapman,Consumer,United States,Houston,Texas,77070,Central,OFF-PA-10004239,Office Supplies,Paper,Xerox 1953,10.272,3,0.2,3.21
7494,US-2017-160836,9/11/2017,9/16/2017,Standard Class,CC-12475,Cindy Chapman,Consumer,United States,Houston,Texas,77070,Central,FUR-TA-10002855,Furniture,Tables,Bevis Round Conference Table Top & Single Column Base,512.19,5,0.3,-65.853
7495,US-2017-160836,9/11/2017,9/16/2017,Standard Class,CC-12475,Cindy Chapman,Consumer,United States,Houston,Texas,77070,Central,OFF-AP-10001626,Office Supplies,Appliances,"Commercial WindTunnel Clean Air Upright Vacuum, Replacement Belts, Filtration Bags",1.556,2,0.8,-4.2012
7496,CA-2017-121048,7/14/2017,7/18/2017,Standard Class,TC-21295,Toby Carlisle,Consumer,United States,Westminster,California,92683,West,OFF-BI-10004022,Office Supplies,Binders,Acco Suede Grain Vinyl Round Ring Binder,4.448,2,0.2,1.4456
7497,CA-2017-121048,7/14/2017,7/18/2017,Standard Class,TC-21295,Toby Carlisle,Consumer,United States,Westminster,California,92683,West,FUR-FU-10003601,Furniture,Furnishings,"Deflect-o RollaMat Studded, Beveled Mat for Medium Pile Carpeting",276.69,3,0,49.8042
7498,CA-2017-121048,7/14/2017,7/18/2017,Standard Class,TC-21295,Toby Carlisle,Consumer,United States,Westminster,California,92683,West,OFF-FA-10000490,Office Supplies,Fasteners,"OIC Binder Clips, Mini, 1/4"" Capacity, Black",4.96,4,0,2.3312
7499,CA-2017-121048,7/14/2017,7/18/2017,Standard Class,TC-21295,Toby Carlisle,Consumer,United States,Westminster,California,92683,West,OFF-AR-10004042,Office Supplies,Art,"BOSTON Model 1800 Electric Pencil Sharpeners, Putty/Woodgrain",71.92,4,0,20.8568
7500,CA-2017-121048,7/14/2017,7/18/2017,Standard Class,TC-21295,Toby Carlisle,Consumer,United States,Westminster,California,92683,West,FUR-FU-10002960,Furniture,Furnishings,"Eldon 200 Class Desk Accessories, Burgundy",18.84,3,0,7.9128
7501,CA-2017-121048,7/14/2017,7/18/2017,Standard Class,TC-21295,Toby Carlisle,Consumer,United States,Westminster,California,92683,West,TEC-AC-10000991,Technology,Accessories,Sony Micro Vault Click 8 GB USB 2.0 Flash Drive,140.97,3,0,19.7358
7502,CA-2017-121048,7/14/2017,7/18/2017,Standard Class,TC-21295,Toby Carlisle,Consumer,United States,Westminster,California,92683,West,TEC-PH-10004977,Technology,Phones,GE 30524EE4,470.376,3,0.2,52.9173
7503,US-2017-120147,3/30/2017,3/30/2017,Same Day,TB-21400,Tom Boeckenhauer,Consumer,United States,Los Angeles,California,90036,West,OFF-AR-10000817,Office Supplies,Art,Manco Dry-Lighter Erasable Highlighter,6.08,2,0,2.0672
7504,US-2017-120147,3/30/2017,3/30/2017,Same Day,TB-21400,Tom Boeckenhauer,Consumer,United States,Los Angeles,California,90036,West,TEC-PH-10002447,Technology,Phones,AT&T CL83451 4-Handset Telephone,164.792,1,0.2,18.5391
7505,CA-2016-158043,1/31/2016,2/4/2016,Second Class,JK-15325,Jason Klamczynski,Corporate,United States,Atlantic City,New Jersey,8401,East,OFF-EN-10003134,Office Supplies,Envelopes,Staple envelope,23.36,2,0,11.68
7506,US-2017-106579,6/8/2017,6/13/2017,Standard Class,BW-11200,Ben Wallace,Consumer,United States,Skokie,Illinois,60076,Central,OFF-BI-10000309,Office Supplies,Binders,"GBC Twin Loop Wire Binding Elements, 9/16"" Spine, Black",12.176,4,0.8,-18.8728
7507,CA-2014-115889,11/2/2014,11/6/2014,Standard Class,SH-20395,Shahid Hopkins,Consumer,United States,San Francisco,California,94122,West,TEC-PH-10001615,Technology,Phones,AT&T CL82213,46.384,2,0.2,5.2182
7508,CA-2014-115889,11/2/2014,11/6/2014,Standard Class,SH-20395,Shahid Hopkins,Consumer,United States,San Francisco,California,94122,West,OFF-ST-10003208,Office Supplies,Storage,Adjustable Depth Letter/Legal Cart,362.92,2,0,105.2468
7509,US-2017-161935,7/14/2017,7/18/2017,Standard Class,JL-15835,John Lee,Consumer,United States,Columbus,Ohio,43229,East,OFF-PA-10000605,Office Supplies,Paper,Xerox 1950,9.248,2,0.2,3.3524
7510,US-2017-161935,7/14/2017,7/18/2017,Standard Class,JL-15835,John Lee,Consumer,United States,Columbus,Ohio,43229,East,TEC-PH-10000560,Technology,Phones,Samsung Galaxy S III - 16GB - pebble blue (T-Mobile),1889.946,9,0.4,-377.9892
7511,US-2017-161935,7/14/2017,7/18/2017,Standard Class,JL-15835,John Lee,Consumer,United States,Columbus,Ohio,43229,East,OFF-ST-10003455,Office Supplies,Storage,"Tenex File Box, Personal Filing Tote with Lid, Black",62.04,5,0.2,4.653
7512,US-2017-161935,7/14/2017,7/18/2017,Standard Class,JL-15835,John Lee,Consumer,United States,Columbus,Ohio,43229,East,FUR-FU-10002937,Furniture,Furnishings,"GE 48"" Fluorescent Tube, Cool White Energy Saver, 34 Watts, 30/Box",396.92,5,0.2,148.845
7513,US-2017-161935,7/14/2017,7/18/2017,Standard Class,JL-15835,John Lee,Consumer,United States,Columbus,Ohio,43229,East,OFF-ST-10001837,Office Supplies,Storage,"SAFCO Mobile Desk Side File, Wire Frame",239.456,7,0.2,17.9592
7514,US-2017-161935,7/14/2017,7/18/2017,Standard Class,JL-15835,John Lee,Consumer,United States,Columbus,Ohio,43229,East,OFF-AR-10004757,Office Supplies,Art,Crayola Colored Pencils,13.12,5,0.2,2.132
7515,US-2017-167920,12/9/2017,12/12/2017,Second Class,JL-15835,John Lee,Consumer,United States,Richmond,Kentucky,40475,South,OFF-BI-10004236,Office Supplies,Binders,"XtraLife ClearVue Slant-D Ring Binder, White, 3""",29.36,2,0,13.5056
7516,US-2017-167920,12/9/2017,12/12/2017,Second Class,JL-15835,John Lee,Consumer,United States,Richmond,Kentucky,40475,South,OFF-AP-10000159,Office Supplies,Appliances,Belkin F9M820V08 8 Outlet Surge,214.9,5,0,62.321
7517,US-2017-167920,12/9/2017,12/12/2017,Second Class,JL-15835,John Lee,Consumer,United States,Richmond,Kentucky,40475,South,OFF-BI-10003274,Office Supplies,Binders,"Avery Durable Slant Ring Binders, No Labels",15.92,4,0,7.4824
7518,US-2017-167920,12/9/2017,12/12/2017,Second Class,JL-15835,John Lee,Consumer,United States,Richmond,Kentucky,40475,South,TEC-AC-10001013,Technology,Accessories,Logitech ClearChat Comfort/USB Headset H390,146.45,5,0,48.3285
7519,US-2017-167920,12/9/2017,12/12/2017,Second Class,JL-15835,John Lee,Consumer,United States,Richmond,Kentucky,40475,South,OFF-ST-10004963,Office Supplies,Storage,Eldon Gobal File Keepers,15.14,1,0,0.6056
7520,US-2017-167920,12/9/2017,12/12/2017,Second Class,JL-15835,John Lee,Consumer,United States,Richmond,Kentucky,40475,South,OFF-LA-10004409,Office Supplies,Labels,Avery 492,5.76,2,0,2.6496
7521,US-2017-167920,12/9/2017,12/12/2017,Second Class,JL-15835,John Lee,Consumer,United States,Richmond,Kentucky,40475,South,TEC-CO-10001046,Technology,Copiers,Canon Imageclass D680 Copier / Fax,1399.98,2,0,629.991
7522,CA-2016-162383,9/5/2016,9/11/2016,Standard Class,MD-17350,Maribeth Dona,Consumer,United States,Lancaster,Ohio,43130,East,OFF-BI-10002824,Office Supplies,Binders,Recycled Easel Ring Binders,8.952,2,0.7,-7.46
7523,CA-2016-162383,9/5/2016,9/11/2016,Standard Class,MD-17350,Maribeth Dona,Consumer,United States,Lancaster,Ohio,43130,East,OFF-BI-10001757,Office Supplies,Binders,Pressboard Hanging Data Binders for Unburst Sheets,8.856,6,0.7,-6.4944
7524,CA-2016-162383,9/5/2016,9/11/2016,Standard Class,MD-17350,Maribeth Dona,Consumer,United States,Lancaster,Ohio,43130,East,FUR-CH-10004477,Furniture,Chairs,"Global Push Button Manager's Chair, Indigo",85.246,2,0.3,-1.2178
7525,CA-2014-125731,9/10/2014,9/16/2014,Standard Class,CL-12565,Clay Ludtke,Consumer,United States,Gresham,Oregon,97030,West,OFF-EN-10003072,Office Supplies,Envelopes,Peel & Seel Envelopes,21.728,7,0.2,7.6048
7526,CA-2014-125731,9/10/2014,9/16/2014,Standard Class,CL-12565,Clay Ludtke,Consumer,United States,Gresham,Oregon,97030,West,FUR-CH-10003973,Furniture,Chairs,GuestStacker Chair with Chrome Finish Legs,1487.04,5,0.2,148.704
7527,US-2017-106145,9/26/2017,9/26/2017,Same Day,RA-19885,Ruben Ausman,Corporate,United States,San Francisco,California,94109,West,OFF-EN-10001028,Office Supplies,Envelopes,Staple envelope,71.88,6,0,33.0648
7528,US-2017-106145,9/26/2017,9/26/2017,Same Day,RA-19885,Ruben Ausman,Corporate,United States,San Francisco,California,94109,West,FUR-FU-10003829,Furniture,Furnishings,Stackable Trays,9.24,3,0,2.9568
7529,US-2017-106145,9/26/2017,9/26/2017,Same Day,RA-19885,Ruben Ausman,Corporate,United States,San Francisco,California,94109,West,OFF-PA-10002245,Office Supplies,Paper,Xerox 1895,35.88,6,0,16.146
7530,US-2017-106145,9/26/2017,9/26/2017,Same Day,RA-19885,Ruben Ausman,Corporate,United States,San Francisco,California,94109,West,OFF-BI-10002215,Office Supplies,Binders,"Wilson Jones Hanging View Binder, White, 1""",17.04,3,0.2,5.538
7531,US-2017-106145,9/26/2017,9/26/2017,Same Day,RA-19885,Ruben Ausman,Corporate,United States,San Francisco,California,94109,West,OFF-BI-10003925,Office Supplies,Binders,Fellowes PB300 Plastic Comb Binding Machine,931.176,3,0.2,314.2719
7532,CA-2016-107146,6/17/2016,6/19/2016,First Class,LC-16885,Lena Creighton,Consumer,United States,Longmont,Colorado,80501,West,FUR-FU-10002298,Furniture,Furnishings,"Rubbermaid ClusterMat Chairmats, Mat Size- 66"" x 60"", Lip 20"" x 11"" -90 Degree Angle",266.352,3,0.2,-13.3176
7533,CA-2016-107146,6/17/2016,6/19/2016,First Class,LC-16885,Lena Creighton,Consumer,United States,Longmont,Colorado,80501,West,FUR-CH-10004853,Furniture,Chairs,"Global Manager's Adjustable Task Chair, Storm",483.136,4,0.2,54.3528
7534,US-2017-134642,2/25/2017,3/1/2017,Standard Class,SW-20245,Scot Wooten,Consumer,United States,Greenville,North Carolina,27834,South,FUR-CH-10002880,Furniture,Chairs,"Global High-Back Leather Tilter, Burgundy",196.784,2,0.2,-22.1382
7535,US-2017-134642,2/25/2017,3/1/2017,Standard Class,SW-20245,Scot Wooten,Consumer,United States,Greenville,North Carolina,27834,South,FUR-BO-10004709,Furniture,Bookcases,"Bush Westfield Collection Bookcases, Medium Cherry Finish",231.92,5,0.2,5.798
7536,US-2017-160143,3/31/2017,4/7/2017,Standard Class,HG-14965,Henry Goldwyn,Corporate,United States,Los Angeles,California,90004,West,OFF-SU-10004231,Office Supplies,Supplies,Acme Tagit Stainless Steel Antibacterial Scissors,29.7,3,0,8.019
7537,CA-2017-103415,12/3/2017,12/8/2017,Standard Class,MV-17485,Mark Van Huff,Consumer,United States,Houston,Texas,77041,Central,FUR-FU-10000820,Furniture,Furnishings,Tensor Brushed Steel Torchiere Floor Lamp,13.592,2,0.6,-14.2716
7538,CA-2016-106460,2/19/2016,2/22/2016,Second Class,GT-14710,Greg Tran,Consumer,United States,San Francisco,California,94109,West,OFF-PA-10001736,Office Supplies,Paper,Xerox 1880,70.88,2,0,33.3136
7539,US-2017-112347,12/2/2017,12/6/2017,Standard Class,BS-11380,Bill Stewart,Corporate,United States,Denver,Colorado,80219,West,OFF-ST-10003306,Office Supplies,Storage,Letter Size Cart,114.288,1,0.2,12.8574
7540,US-2017-112347,12/2/2017,12/6/2017,Standard Class,BS-11380,Bill Stewart,Corporate,United States,Denver,Colorado,80219,West,OFF-BI-10003707,Office Supplies,Binders,Aluminum Screw Posts,36.624,8,0.7,-24.416
7541,US-2017-112347,12/2/2017,12/6/2017,Standard Class,BS-11380,Bill Stewart,Corporate,United States,Denver,Colorado,80219,West,FUR-BO-10003546,Furniture,Bookcases,Hon 4-Shelf Metal Bookcases,242.352,8,0.7,-363.528
7542,US-2017-112347,12/2/2017,12/6/2017,Standard Class,BS-11380,Bill Stewart,Corporate,United States,Denver,Colorado,80219,West,TEC-PH-10000213,Technology,Phones,Seidio BD2-HK3IPH5-BK DILEX Case and Holster Combo for Apple iPhone 5/5s - Black,49.616,2,0.2,4.9616
7543,US-2017-112347,12/2/2017,12/6/2017,Standard Class,BS-11380,Bill Stewart,Corporate,United States,Denver,Colorado,80219,West,FUR-FU-10001488,Furniture,Furnishings,"Tenex 46"" x 60"" Computer Anti-Static Chairmat, Rectangular Shaped",508.704,6,0.2,0
7544,US-2017-112347,12/2/2017,12/6/2017,Standard Class,BS-11380,Bill Stewart,Corporate,United States,Denver,Colorado,80219,West,TEC-PH-10004833,Technology,Phones,Macally Suction Cup Mount,57.36,6,0.2,-14.34
7545,US-2017-112347,12/2/2017,12/6/2017,Standard Class,BS-11380,Bill Stewart,Corporate,United States,Denver,Colorado,80219,West,FUR-CH-10002335,Furniture,Chairs,Hon GuestStacker Chair,906.68,5,0.2,68.001
7546,CA-2014-103492,10/10/2014,10/15/2014,Standard Class,CM-12715,Craig Molinari,Corporate,United States,Huntsville,Texas,77340,Central,TEC-PH-10001128,Technology,Phones,Motorola Droid Maxx,719.952,6,0.2,71.9952
7547,CA-2014-103492,10/10/2014,10/15/2014,Standard Class,CM-12715,Craig Molinari,Corporate,United States,Huntsville,Texas,77340,Central,TEC-PH-10004667,Technology,Phones,Cisco 8x8 Inc. 6753i IP Business Phone System,755.944,7,0.2,66.1451
7548,CA-2014-103492,10/10/2014,10/15/2014,Standard Class,CM-12715,Craig Molinari,Corporate,United States,Huntsville,Texas,77340,Central,OFF-BI-10004817,Office Supplies,Binders,GBC Personal VeloBind Strips,11.98,5,0.8,-19.168
7549,CA-2014-103492,10/10/2014,10/15/2014,Standard Class,CM-12715,Craig Molinari,Corporate,United States,Huntsville,Texas,77340,Central,OFF-BI-10004140,Office Supplies,Binders,Avery Non-Stick Binders,0.898,1,0.8,-1.5715
7550,CA-2016-136595,9/5/2016,9/7/2016,First Class,EM-13825,Elizabeth Moffitt,Corporate,United States,Houston,Texas,77036,Central,FUR-FU-10004671,Furniture,Furnishings,"Executive Impressions 12"" Wall Clock",21.204,3,0.6,-11.6622
7551,CA-2014-140396,11/20/2014,11/25/2014,Standard Class,KH-16330,Katharine Harms,Corporate,United States,New York City,New York,10024,East,OFF-EN-10002592,Office Supplies,Envelopes,"Peel & Seel Recycled Catalog Envelopes, Brown",34.74,3,0,17.37
7552,CA-2014-140396,11/20/2014,11/25/2014,Standard Class,KH-16330,Katharine Harms,Corporate,United States,New York City,New York,10024,East,TEC-PH-10004447,Technology,Phones,Toshiba IPT2010-SD IP Telephone,833.94,6,0,216.8244
7553,CA-2014-140396,11/20/2014,11/25/2014,Standard Class,KH-16330,Katharine Harms,Corporate,United States,New York City,New York,10024,East,OFF-BI-10003669,Office Supplies,Binders,3M Organizer Strips,12.96,3,0.2,4.536
7554,CA-2014-140396,11/20/2014,11/25/2014,Standard Class,KH-16330,Katharine Harms,Corporate,United States,New York City,New York,10024,East,OFF-PA-10000223,Office Supplies,Paper,Xerox 2000,25.92,4,0,12.4416
7555,CA-2014-114181,5/10/2014,5/14/2014,Second Class,AF-10885,Art Foster,Consumer,United States,Philadelphia,Pennsylvania,19134,East,FUR-BO-10004467,Furniture,Bookcases,Bestar Classic Bookcase,349.965,7,0.5,-216.9783
7556,CA-2014-114181,5/10/2014,5/14/2014,Second Class,AF-10885,Art Foster,Consumer,United States,Philadelphia,Pennsylvania,19134,East,OFF-AR-10000716,Office Supplies,Art,DIXON Ticonderoga Erasable Checking Pencils,22.32,5,0.2,5.301
7557,CA-2017-159506,11/27/2017,12/2/2017,Standard Class,JR-16210,Justin Ritter,Corporate,United States,Columbus,Indiana,47201,Central,OFF-PA-10003641,Office Supplies,Paper,Xerox 1909,158.28,6,0,72.8088
7558,CA-2017-159506,11/27/2017,12/2/2017,Standard Class,JR-16210,Justin Ritter,Corporate,United States,Columbus,Indiana,47201,Central,OFF-BI-10004519,Office Supplies,Binders,GBC DocuBind P100 Manual Binding Machine,497.94,3,0,224.073
7559,US-2014-137155,11/1/2014,11/5/2014,Standard Class,DL-12925,Daniel Lacy,Consumer,United States,Long Beach,New York,11561,East,OFF-AP-10002518,Office Supplies,Appliances,Kensington 7 Outlet MasterPiece Power Center,533.94,3,0,154.8426
7560,US-2014-137155,11/1/2014,11/5/2014,Standard Class,DL-12925,Daniel Lacy,Consumer,United States,Long Beach,New York,11561,East,OFF-PA-10000806,Office Supplies,Paper,Xerox 1934,167.94,3,0,82.2906
7561,US-2014-137155,11/1/2014,11/5/2014,Standard Class,DL-12925,Daniel Lacy,Consumer,United States,Long Beach,New York,11561,East,FUR-FU-10003142,Furniture,Furnishings,"Master Big Foot Doorstop, Beige",31.68,6,0,9.8208
7562,CA-2016-105746,12/30/2016,1/1/2017,First Class,BD-11605,Brian Dahlen,Consumer,United States,Lancaster,Pennsylvania,17602,East,FUR-CH-10000454,Furniture,Chairs,"Hon Deluxe Fabric Upholstered Stacking Chairs, Rounded Back",170.786,1,0.3,0
7563,US-2016-104815,9/3/2016,9/7/2016,Standard Class,RB-19570,Rob Beeghly,Consumer,United States,Chicago,Illinois,60610,Central,FUR-BO-10003894,Furniture,Bookcases,"Safco Value Mate Steel Bookcase, Baked Enamel Finish on Steel, Black",198.744,4,0.3,0
7564,CA-2017-157672,10/5/2017,10/7/2017,First Class,RB-19795,Ross Baird,Home Office,United States,Denver,Colorado,80219,West,TEC-AC-10001714,Technology,Accessories,Logitech MX Performance Wireless Mouse,63.824,2,0.2,13.5626
7565,US-2016-166660,1/30/2016,2/1/2016,Second Class,TB-21250,Tim Brockman,Consumer,United States,Seattle,Washington,98103,West,FUR-CH-10001190,Furniture,Chairs,Global Deluxe High-Back Office Chair in Storm,435.168,4,0.2,-59.8356
7566,US-2016-166660,1/30/2016,2/1/2016,Second Class,TB-21250,Tim Brockman,Consumer,United States,Seattle,Washington,98103,West,FUR-BO-10000468,Furniture,Bookcases,O'Sullivan 2-Shelf Heavy-Duty Bookcases,48.58,1,0,7.7728
7567,CA-2017-140802,4/21/2017,4/23/2017,First Class,KN-16390,Katherine Nockton,Corporate,United States,Houston,Texas,77070,Central,TEC-AC-10001998,Technology,Accessories,Logitech LS21 Speaker System - PC Multimedia - 2.1-CH - Wired,47.976,3,0.2,8.3958
7568,CA-2017-140802,4/21/2017,4/23/2017,First Class,KN-16390,Katherine Nockton,Corporate,United States,Houston,Texas,77070,Central,OFF-PA-10001534,Office Supplies,Paper,Xerox 230,20.736,4,0.2,7.2576
7569,CA-2014-133830,12/5/2014,12/10/2014,Standard Class,RL-19615,Rob Lucas,Consumer,United States,Los Angeles,California,90045,West,OFF-AR-10003045,Office Supplies,Art,Prang Colored Pencils,26.46,9,0,11.907
7570,CA-2014-133830,12/5/2014,12/10/2014,Standard Class,RL-19615,Rob Lucas,Consumer,United States,Los Angeles,California,90045,West,OFF-PA-10001363,Office Supplies,Paper,Xerox 1933,49.12,4,0,23.0864
7571,CA-2014-133830,12/5/2014,12/10/2014,Standard Class,RL-19615,Rob Lucas,Consumer,United States,Los Angeles,California,90045,West,OFF-FA-10002280,Office Supplies,Fasteners,Advantus Plastic Paper Clips,15,3,0,7.2
7572,CA-2014-100916,10/21/2014,10/26/2014,Standard Class,FH-14275,Frank Hawley,Corporate,United States,Newport News,Virginia,23602,South,OFF-ST-10003479,Office Supplies,Storage,"Eldon Base for stackable storage shelf, platinum",194.7,5,0,9.735
7573,CA-2014-100916,10/21/2014,10/26/2014,Standard Class,FH-14275,Frank Hawley,Corporate,United States,Newport News,Virginia,23602,South,FUR-TA-10004607,Furniture,Tables,Hon 2111 Invitation Series Straight Table,591.32,4,0,112.3508
7574,CA-2014-100916,10/21/2014,10/26/2014,Standard Class,FH-14275,Frank Hawley,Corporate,United States,Newport News,Virginia,23602,South,OFF-AR-10001022,Office Supplies,Art,SANFORD Liquid Accent Tank-Style Highlighters,2.84,1,0,0.8804
7575,CA-2015-129532,12/8/2015,12/12/2015,Standard Class,YS-21880,Yana Sorensen,Corporate,United States,Los Angeles,California,90036,West,OFF-ST-10004186,Office Supplies,Storage,"Stur-D-Stor Shelving, Vertical 5-Shelf: 72""H x 36""W x 18 1/2""D",221.96,2,0,4.4392
7576,CA-2015-129532,12/8/2015,12/12/2015,Standard Class,YS-21880,Yana Sorensen,Corporate,United States,Los Angeles,California,90036,West,TEC-AC-10000865,Technology,Accessories,WD My Passport Ultra 500GB Portable External Hard Drive,236,4,0,40.12
7577,CA-2014-134726,11/2/2014,11/7/2014,Second Class,SW-20755,Steven Ward,Corporate,United States,Seattle,Washington,98115,West,TEC-AC-10000023,Technology,Accessories,"Maxell 74 Minute CD-R Spindle, 50/Pack",41.94,2,0,15.0984
7578,CA-2014-134726,11/2/2014,11/7/2014,Second Class,SW-20755,Steven Ward,Corporate,United States,Seattle,Washington,98115,West,TEC-PH-10001750,Technology,Phones,Samsung Rugby III,52.792,1,0.2,4.6193
7579,CA-2016-138597,12/18/2016,12/21/2016,First Class,PN-18775,Parhena Norris,Home Office,United States,Omaha,Nebraska,68104,Central,FUR-CH-10004997,Furniture,Chairs,Hon Every-Day Series Multi-Task Chairs,563.94,3,0,112.788
7580,CA-2015-123113,11/23/2015,11/27/2015,Second Class,AT-10735,Annie Thurman,Consumer,United States,Morristown,New Jersey,7960,East,OFF-AP-10000275,Office Supplies,Appliances,"Sanyo Counter Height Refrigerator with Crisper, 3.6 Cubic Foot, Stainless Steel/Black",2625.12,8,0,735.0336
7581,CA-2015-123113,11/23/2015,11/27/2015,Second Class,AT-10735,Annie Thurman,Consumer,United States,Morristown,New Jersey,7960,East,OFF-AR-10004999,Office Supplies,Art,Newell 315,17.94,3,0,4.485
7582,CA-2015-169656,8/13/2015,8/16/2015,First Class,EJ-13720,Ed Jacobs,Consumer,United States,Philadelphia,Pennsylvania,19143,East,OFF-ST-10003816,Office Supplies,Storage,Fellowes High-Stak Drawer Files,422.856,3,0.2,15.8571
7583,CA-2015-142734,4/16/2015,4/21/2015,Standard Class,DM-13345,Denise Monton,Corporate,United States,New York City,New York,10024,East,FUR-CH-10003968,Furniture,Chairs,Novimex Turbo Task Chair,127.764,2,0.1,2.8392
7584,CA-2014-163223,3/21/2014,3/25/2014,Standard Class,KH-16690,Kristen Hastings,Corporate,United States,Springfield,Virginia,22153,South,TEC-PH-10000730,Technology,Phones,Samsung Galaxy S4 Active,3499.93,7,0,909.9818
7585,CA-2014-163223,3/21/2014,3/25/2014,Standard Class,KH-16690,Kristen Hastings,Corporate,United States,Springfield,Virginia,22153,South,OFF-LA-10004409,Office Supplies,Labels,Avery 492,14.4,5,0,6.624
7586,CA-2014-163223,3/21/2014,3/25/2014,Standard Class,KH-16690,Kristen Hastings,Corporate,United States,Springfield,Virginia,22153,South,OFF-PA-10000675,Office Supplies,Paper,Xerox 1919,122.97,3,0,60.2553
7587,CA-2014-163223,3/21/2014,3/25/2014,Standard Class,KH-16690,Kristen Hastings,Corporate,United States,Springfield,Virginia,22153,South,OFF-AR-10001573,Office Supplies,Art,American Pencil,9.32,4,0,2.7028
7588,CA-2014-163223,3/21/2014,3/25/2014,Standard Class,KH-16690,Kristen Hastings,Corporate,United States,Springfield,Virginia,22153,South,OFF-BI-10001597,Office Supplies,Binders,"Wilson Jones Ledger-Size, Piano-Hinge Binder, 2"", Blue",122.94,3,0,59.0112
7589,CA-2017-122945,11/16/2017,11/22/2017,Standard Class,MB-18085,Mick Brown,Consumer,United States,Roseville,California,95661,West,FUR-FU-10001196,Furniture,Furnishings,DAX Cubicle Frames - 8x10,17.31,3,0,5.193
7590,CA-2015-139738,9/25/2015,9/29/2015,Standard Class,DK-12895,Dana Kaydos,Consumer,United States,Rockford,Illinois,61107,Central,OFF-AR-10004602,Office Supplies,Art,Boston KS Multi-Size Manual Pencil Sharpener,128.744,7,0.2,12.8744
7591,CA-2016-158778,9/5/2016,9/9/2016,Standard Class,DB-13210,Dean Braden,Consumer,United States,Philadelphia,Pennsylvania,19134,East,FUR-FU-10000260,Furniture,Furnishings,"6"" Cubicle Wall Clock, Black",58.248,9,0.2,11.6496
7592,CA-2016-158778,9/5/2016,9/9/2016,Standard Class,DB-13210,Dean Braden,Consumer,United States,Philadelphia,Pennsylvania,19134,East,FUR-CH-10001146,Furniture,Chairs,"Global Task Chair, Black",71.246,2,0.3,-19.3382
7593,CA-2016-158778,9/5/2016,9/9/2016,Standard Class,DB-13210,Dean Braden,Consumer,United States,Philadelphia,Pennsylvania,19134,East,OFF-AR-10000896,Office Supplies,Art,Newell 329,7.872,3,0.2,0.5904
7594,CA-2016-158778,9/5/2016,9/9/2016,Standard Class,DB-13210,Dean Braden,Consumer,United States,Philadelphia,Pennsylvania,19134,East,FUR-CH-10000309,Furniture,Chairs,Global Comet Stacking Arm Chair,887.271,3,0.3,-63.3765
7595,CA-2017-119655,4/20/2017,4/24/2017,Standard Class,CV-12295,Christina VanderZanden,Consumer,United States,Detroit,Michigan,48234,Central,OFF-BI-10001989,Office Supplies,Binders,Premium Transparent Presentation Covers by GBC,146.86,7,0,70.4928
7596,CA-2017-119655,4/20/2017,4/24/2017,Standard Class,CV-12295,Christina VanderZanden,Consumer,United States,Detroit,Michigan,48234,Central,OFF-BI-10001036,Office Supplies,Binders,Cardinal EasyOpen D-Ring Binders,36.56,4,0,18.28
7597,CA-2015-164567,6/15/2015,6/19/2015,Standard Class,GK-14620,Grace Kelly,Corporate,United States,Los Angeles,California,90004,West,TEC-PH-10002103,Technology,Phones,Jabra SPEAK 410,225.576,3,0.2,22.5576
7598,CA-2014-131947,9/17/2014,9/22/2014,Standard Class,JA-15970,Joseph Airdo,Consumer,United States,Springfield,Oregon,97477,West,OFF-AR-10001473,Office Supplies,Art,Newell 313,5.248,2,0.2,0.4592
7599,CA-2014-131947,9/17/2014,9/22/2014,Standard Class,JA-15970,Joseph Airdo,Consumer,United States,Springfield,Oregon,97477,West,OFF-AR-10000411,Office Supplies,Art,Boston 16701 Slimline Battery Pencil Sharpener,38.256,3,0.2,4.782
7600,CA-2014-131947,9/17/2014,9/22/2014,Standard Class,JA-15970,Joseph Airdo,Consumer,United States,Springfield,Oregon,97477,West,OFF-PA-10000246,Office Supplies,Paper,Riverleaf Stik-Withit Designer Note Cubes,40.24,5,0.2,13.078
7601,CA-2014-131947,9/17/2014,9/22/2014,Standard Class,JA-15970,Joseph Airdo,Consumer,United States,Springfield,Oregon,97477,West,TEC-MA-10004086,Technology,Machines,Plantronics Single Ear Headset,29.925,5,0.7,-21.945
7602,CA-2014-131947,9/17/2014,9/22/2014,Standard Class,JA-15970,Joseph Airdo,Consumer,United States,Springfield,Oregon,97477,West,OFF-PA-10003039,Office Supplies,Paper,Xerox 1960,148.704,6,0.2,46.47
7603,CA-2014-131947,9/17/2014,9/22/2014,Standard Class,JA-15970,Joseph Airdo,Consumer,United States,Springfield,Oregon,97477,West,TEC-AC-10004633,Technology,Accessories,"Verbatim 25 GB 6x Blu-ray Single Layer Recordable Disc, 3/Pack",55.92,10,0.2,16.776
7604,CA-2016-152520,7/8/2016,7/12/2016,Standard Class,TH-21115,Thea Hudgings,Corporate,United States,Providence,Rhode Island,2908,East,OFF-PA-10000289,Office Supplies,Paper,Xerox 213,12.96,2,0,6.2208
7605,CA-2016-101791,5/27/2016,5/31/2016,Standard Class,BS-11665,Brian Stugart,Consumer,United States,Chicago,Illinois,60623,Central,FUR-FU-10003247,Furniture,Furnishings,36X48 HARDFLOOR CHAIRMAT,25.176,3,0.6,-33.3582
7606,CA-2016-101791,5/27/2016,5/31/2016,Standard Class,BS-11665,Brian Stugart,Consumer,United States,Chicago,Illinois,60623,Central,FUR-FU-10002191,Furniture,Furnishings,G.E. Halogen Desk Lamp Bulbs,5.584,2,0.6,-1.6752
7607,CA-2016-101791,5/27/2016,5/31/2016,Standard Class,BS-11665,Brian Stugart,Consumer,United States,Chicago,Illinois,60623,Central,OFF-ST-10001496,Office Supplies,Storage,Standard Rollaway File with Lock,1297.368,9,0.2,97.3026
7608,CA-2017-121195,12/24/2017,12/27/2017,First Class,NS-18505,Neola Schneider,Consumer,United States,Dallas,Texas,75220,Central,OFF-ST-10000585,Office Supplies,Storage,Economy Rollaway Files,264.32,2,0.2,19.824
7609,CA-2017-163209,5/3/2017,5/7/2017,Standard Class,MK-18160,Mike Kennedy,Consumer,United States,San Francisco,California,94122,West,OFF-PA-10001166,Office Supplies,Paper,Xerox 2,25.92,4,0,12.4416
7610,CA-2017-163209,5/3/2017,5/7/2017,Standard Class,MK-18160,Mike Kennedy,Consumer,United States,San Francisco,California,94122,West,OFF-AR-10003651,Office Supplies,Art,Newell 350,22.96,7,0,6.6584
7611,CA-2014-133354,2/22/2014,2/24/2014,First Class,SA-20830,Sue Ann Reed,Consumer,United States,Moreno Valley,California,92553,West,OFF-PA-10001800,Office Supplies,Paper,Xerox 220,19.44,3,0,9.3312
7612,US-2015-130491,2/8/2015,2/11/2015,First Class,BH-11710,Brosina Hoffman,Consumer,United States,Garden City,Kansas,67846,Central,OFF-PA-10000791,Office Supplies,Paper,"Wirebound Message Books, Four 2 3/4 x 5 Forms per Page, 200 Sets per Book",9.54,2,0,4.293
7613,US-2015-130491,2/8/2015,2/11/2015,First Class,BH-11710,Brosina Hoffman,Consumer,United States,Garden City,Kansas,67846,Central,OFF-FA-10000134,Office Supplies,Fasteners,"Advantus Push Pins, Aluminum Head",5.81,1,0,1.8011
7614,US-2015-130491,2/8/2015,2/11/2015,First Class,BH-11710,Brosina Hoffman,Consumer,United States,Garden City,Kansas,67846,Central,OFF-AR-10001149,Office Supplies,Art,"Sanford Colorific Colored Pencils, 12/Box",5.76,2,0,1.728
7615,CA-2015-113740,8/24/2015,8/28/2015,Second Class,SC-20380,Shahid Collister,Consumer,United States,New York City,New York,10035,East,FUR-FU-10000010,Furniture,Furnishings,"DAX Value U-Channel Document Frames, Easel Back",14.91,3,0,4.6221
7616,CA-2014-148425,11/30/2014,12/4/2014,Standard Class,RF-19345,Randy Ferguson,Corporate,United States,Orlando,Florida,32839,South,OFF-BI-10000201,Office Supplies,Binders,"Avery Triangle Shaped Sheet Lifters, Black, 2/Pack",6.642,9,0.7,-4.428
7617,CA-2016-144309,12/10/2016,12/16/2016,Standard Class,CM-12235,Chris McAfee,Consumer,United States,Watertown,New York,13601,East,OFF-PA-10001776,Office Supplies,Paper,"Wirebound Message Books, Four 2 3/4"" x 5"" Forms per Page, 600 Sets per Book",18.54,2,0,8.7138
7618,CA-2016-144309,12/10/2016,12/16/2016,Standard Class,CM-12235,Chris McAfee,Consumer,United States,Watertown,New York,13601,East,OFF-BI-10003656,Office Supplies,Binders,Fellowes PB200 Plastic Comb Binding Machine,679.96,5,0.2,220.987
7619,CA-2017-151225,10/27/2017,10/29/2017,First Class,JM-15655,Jim Mitchum,Corporate,United States,Los Angeles,California,90032,West,FUR-TA-10001539,Furniture,Tables,Chromcraft Rectangular Conference Tables,189.576,1,0.2,9.4788
7620,CA-2017-151225,10/27/2017,10/29/2017,First Class,JM-15655,Jim Mitchum,Corporate,United States,Los Angeles,California,90032,West,TEC-PH-10004100,Technology,Phones,Griffin GC17055 Auxiliary Audio Cable,71.96,5,0.2,7.196
7621,US-2014-144078,11/25/2014,11/29/2014,Standard Class,RB-19435,Richard Bierner,Consumer,United States,Los Angeles,California,90004,West,TEC-PH-10001580,Technology,Phones,Logitech Mobile Speakerphone P710e - speaker phone,539.92,5,0.2,47.243
7622,US-2014-144078,11/25/2014,11/29/2014,Standard Class,RB-19435,Richard Bierner,Consumer,United States,Los Angeles,California,90004,West,FUR-CH-10002335,Furniture,Chairs,Hon GuestStacker Chair,725.344,4,0.2,54.4008
7623,US-2014-144078,11/25/2014,11/29/2014,Standard Class,RB-19435,Richard Bierner,Consumer,United States,Los Angeles,California,90004,West,OFF-AR-10004707,Office Supplies,Art,Staples in misc. colors,7.44,3,0,2.604
7624,CA-2014-124464,7/14/2014,7/20/2014,Standard Class,SS-20515,Shirley Schmidt,Home Office,United States,Newark,Delaware,19711,East,OFF-AP-10000576,Office Supplies,Appliances,Belkin 7 Outlet SurgeMaster II,39.48,1,0,11.0544
7625,CA-2015-136805,5/23/2015,5/27/2015,Second Class,NM-18445,Nathan Mautz,Home Office,United States,Detroit,Michigan,48234,Central,OFF-AP-10001394,Office Supplies,Appliances,Harmony Air Purifier,850.5,5,0.1,245.7
7626,CA-2015-136805,5/23/2015,5/27/2015,Second Class,NM-18445,Nathan Mautz,Home Office,United States,Detroit,Michigan,48234,Central,FUR-FU-10003724,Furniture,Furnishings,Westinghouse Clip-On Gooseneck Lamps,75.33,9,0,19.5858
7627,US-2015-159499,11/21/2015,11/23/2015,Second Class,EM-14095,Eudokia Martin,Corporate,United States,Phoenix,Arizona,85023,West,OFF-AP-10002867,Office Supplies,Appliances,Fellowes Command Center 5-outlet power strip,325.632,6,0.2,28.4928
7628,US-2015-159499,11/21/2015,11/23/2015,Second Class,EM-14095,Eudokia Martin,Corporate,United States,Phoenix,Arizona,85023,West,TEC-AC-10002718,Technology,Accessories,Belkin Standard 104 key USB Keyboard,23.344,2,0.2,-1.459
7629,US-2015-159499,11/21/2015,11/23/2015,Second Class,EM-14095,Eudokia Martin,Corporate,United States,Phoenix,Arizona,85023,West,OFF-LA-10003121,Office Supplies,Labels,Avery 506,16.52,5,0.2,5.369
7630,CA-2014-162089,3/30/2014,4/1/2014,First Class,MP-17470,Mark Packer,Home Office,United States,Brownsville,Texas,78521,Central,OFF-EN-10002230,Office Supplies,Envelopes,Airmail Envelopes,335.72,5,0.2,113.3055
7631,CA-2014-162089,3/30/2014,4/1/2014,First Class,MP-17470,Mark Packer,Home Office,United States,Brownsville,Texas,78521,Central,TEC-PH-10001819,Technology,Phones,Innergie mMini Combo Duo USB Travel Charging Kit,251.944,7,0.2,88.1804
7632,CA-2014-162089,3/30/2014,4/1/2014,First Class,MP-17470,Mark Packer,Home Office,United States,Brownsville,Texas,78521,Central,FUR-CH-10002304,Furniture,Chairs,"Global Stack Chair without Arms, Black",127.302,7,0.3,-9.093
7633,US-2017-158526,12/29/2017,1/1/2018,Second Class,KH-16360,Katherine Hughes,Consumer,United States,Louisville,Kentucky,40214,South,FUR-CH-10002602,Furniture,Chairs,DMI Arturo Collection Mission-style Design Wood Chair,1207.84,8,0,314.0384
7634,US-2017-158526,12/29/2017,1/1/2018,Second Class,KH-16360,Katherine Hughes,Consumer,United States,Louisville,Kentucky,40214,South,OFF-BI-10002414,Office Supplies,Binders,GBC ProClick Spines for 32-Hole Punch,12.53,1,0,5.8891
7635,US-2017-158526,12/29/2017,1/1/2018,Second Class,KH-16360,Katherine Hughes,Consumer,United States,Louisville,Kentucky,40214,South,OFF-AR-10003696,Office Supplies,Art,Panasonic KP-350BK Electric Pencil Sharpener with Auto Stop,34.58,1,0,10.0282
7636,US-2017-158526,12/29/2017,1/1/2018,Second Class,KH-16360,Katherine Hughes,Consumer,United States,Louisville,Kentucky,40214,South,FUR-CH-10004495,Furniture,Chairs,"Global Leather and Oak Executive Chair, Black",300.98,1,0,87.2842
7637,US-2017-158526,12/29/2017,1/1/2018,Second Class,KH-16360,Katherine Hughes,Consumer,United States,Louisville,Kentucky,40214,South,FUR-CH-10001270,Furniture,Chairs,Harbour Creations Steel Folding Chair,258.75,3,0,77.625
7638,CA-2017-104885,3/2/2017,3/8/2017,Standard Class,DB-13555,Dorothy Badders,Corporate,United States,Newark,Delaware,19711,East,OFF-AR-10001615,Office Supplies,Art,Newell 34,59.52,3,0,15.4752
7639,CA-2017-104885,3/2/2017,3/8/2017,Standard Class,DB-13555,Dorothy Badders,Corporate,United States,Newark,Delaware,19711,East,OFF-EN-10003286,Office Supplies,Envelopes,Staple envelope,57.96,7,0,27.2412
7640,CA-2017-104885,3/2/2017,3/8/2017,Standard Class,DB-13555,Dorothy Badders,Corporate,United States,Newark,Delaware,19711,East,FUR-BO-10003660,Furniture,Bookcases,"Bush Cubix Collection Bookcases, Fully Assembled",441.96,2,0,101.6508
7641,CA-2017-104885,3/2/2017,3/8/2017,Standard Class,DB-13555,Dorothy Badders,Corporate,United States,Newark,Delaware,19711,East,OFF-PA-10002764,Office Supplies,Paper,Easy-staple paper,68.04,6,0,33.3396
7642,US-2016-157490,10/6/2016,10/7/2016,First Class,LB-16795,Laurel Beltran,Home Office,United States,Pueblo,Colorado,81001,West,TEC-MA-10001695,Technology,Machines,Zebra GK420t Direct Thermal/Thermal Transfer Printer,703.71,6,0.7,-938.28
7643,US-2016-157490,10/6/2016,10/7/2016,First Class,LB-16795,Laurel Beltran,Home Office,United States,Pueblo,Colorado,81001,West,OFF-BI-10002824,Office Supplies,Binders,Recycled Easel Ring Binders,17.904,4,0.7,-14.92
7644,US-2016-157490,10/6/2016,10/7/2016,First Class,LB-16795,Laurel Beltran,Home Office,United States,Pueblo,Colorado,81001,West,OFF-BI-10002571,Office Supplies,Binders,"Avery Framed View Binder, EZD Ring (Locking), Navy, 1 1/2""",11.976,4,0.7,-9.1816
7645,US-2016-157490,10/6/2016,10/7/2016,First Class,LB-16795,Laurel Beltran,Home Office,United States,Pueblo,Colorado,81001,West,TEC-AC-10001553,Technology,Accessories,"Memorex 25GB 6X Branded Blu-Ray Recordable Disc, 15/Pack",67.96,5,0.2,0.8495
7646,CA-2015-161452,4/5/2015,4/11/2015,Standard Class,CA-11965,Carol Adams,Corporate,United States,Los Angeles,California,90036,West,FUR-CH-10003973,Furniture,Chairs,GuestStacker Chair with Chrome Finish Legs,892.224,3,0.2,89.2224
7647,US-2014-115196,9/9/2014,9/13/2014,Standard Class,DL-12925,Daniel Lacy,Consumer,United States,Greenville,North Carolina,27834,South,TEC-MA-10002073,Technology,Machines,"3D Systems Cube Printer, 2nd Generation, White",1299.99,2,0.5,-571.9956
7648,CA-2016-138968,3/15/2016,3/16/2016,First Class,FC-14335,Fred Chung,Corporate,United States,San Francisco,California,94110,West,OFF-BI-10003529,Office Supplies,Binders,Avery Round Ring Poly Binders,4.544,2,0.2,1.6472
7649,CA-2016-138968,3/15/2016,3/16/2016,First Class,FC-14335,Fred Chung,Corporate,United States,San Francisco,California,94110,West,FUR-CH-10000309,Furniture,Chairs,Global Comet Stacking Arm Chair,1352.032,4,0.2,84.502
7650,CA-2015-101889,12/27/2015,12/31/2015,Standard Class,DB-13120,David Bremer,Corporate,United States,Marion,Ohio,43302,East,FUR-TA-10004154,Furniture,Tables,"Riverside Furniture Oval Coffee Table, Oval End Table, End Table with Drawer",1548.99,9,0.4,-464.697
7651,CA-2015-101889,12/27/2015,12/31/2015,Standard Class,DB-13120,David Bremer,Corporate,United States,Marion,Ohio,43302,East,OFF-EN-10003286,Office Supplies,Envelopes,Staple envelope,19.872,3,0.2,6.7068
7652,CA-2017-110821,8/7/2017,8/8/2017,First Class,CK-12205,Chloris Kastensmidt,Consumer,United States,Dallas,Texas,75081,Central,TEC-AC-10001552,Technology,Accessories,Logitech K350 2.4Ghz Wireless Keyboard,119.448,3,0.2,-13.4379
7653,CA-2017-110821,8/7/2017,8/8/2017,First Class,CK-12205,Chloris Kastensmidt,Consumer,United States,Dallas,Texas,75081,Central,OFF-ST-10002790,Office Supplies,Storage,Safco Industrial Shelving,118.16,2,0.2,-25.109
7654,CA-2015-121552,3/22/2015,3/27/2015,Standard Class,FW-14395,Fred Wasserman,Corporate,United States,Huntsville,Alabama,35810,South,OFF-AR-10003217,Office Supplies,Art,Newell 316,19.56,4,0,5.4768
7655,CA-2015-107685,11/30/2015,12/2/2015,Second Class,JM-15865,John Murray,Consumer,United States,Las Vegas,Nevada,89115,West,FUR-FU-10002813,Furniture,Furnishings,"DAX Contemporary Wood Frame with Silver Metal Mat, Desktop, 11 x 14 Size",80.96,4,0,29.1456
7656,CA-2015-107685,11/30/2015,12/2/2015,Second Class,JM-15865,John Murray,Consumer,United States,Las Vegas,Nevada,89115,West,OFF-PA-10003848,Office Supplies,Paper,Xerox 1997,25.92,4,0,12.4416
7657,US-2014-120740,4/15/2014,4/15/2014,Same Day,PS-18970,Paul Stevenson,Home Office,United States,Los Angeles,California,90049,West,OFF-AP-10000240,Office Supplies,Appliances,Belkin F9G930V10-GRY 9 Outlet Surge,106.96,2,0,31.0184
7658,US-2014-120740,4/15/2014,4/15/2014,Same Day,PS-18970,Paul Stevenson,Home Office,United States,Los Angeles,California,90049,West,FUR-FU-10004091,Furniture,Furnishings,"Howard Miller 13"" Diameter Goldtone Round Wall Clock",187.76,4,0,76.9816
7659,CA-2017-155740,7/30/2017,8/2/2017,First Class,TC-21475,Tony Chapman,Home Office,United States,Lakewood,Ohio,44107,East,OFF-BI-10001071,Office Supplies,Binders,GBC ProClick Punch Binding System,76.776,4,0.7,-53.7432
7660,CA-2017-146493,6/1/2017,6/5/2017,Standard Class,CV-12805,Cynthia Voltz,Corporate,United States,Fremont,Nebraska,68025,Central,OFF-BI-10003676,Office Supplies,Binders,"GBC Standard Recycled Report Covers, Clear Plastic Sheets",53.9,5,0,25.872
7661,CA-2014-105417,1/7/2014,1/12/2014,Standard Class,VS-21820,Vivek Sundaresam,Consumer,United States,Huntsville,Texas,77340,Central,FUR-FU-10004864,Furniture,Furnishings,"Howard Miller 14-1/2"" Diameter Chrome Round Wall Clock",76.728,3,0.6,-53.7096
7662,CA-2014-105417,1/7/2014,1/12/2014,Standard Class,VS-21820,Vivek Sundaresam,Consumer,United States,Huntsville,Texas,77340,Central,OFF-BI-10003708,Office Supplies,Binders,"Acco Four Pocket Poly Ring Binder with Label Holder, Smoke, 1""",10.43,7,0.8,-18.2525
7663,US-2017-141509,9/29/2017,10/1/2017,First Class,SC-20575,Sonia Cooley,Consumer,United States,Los Angeles,California,90036,West,OFF-AR-10002067,Office Supplies,Art,Newell 334,99.2,5,0,25.792
7664,CA-2017-139493,9/13/2017,9/19/2017,Standard Class,SG-20605,Speros Goranitis,Consumer,United States,Asheville,North Carolina,28806,South,OFF-AR-10003158,Office Supplies,Art,Fluorescent Highlighters by Dixon,15.92,5,0.2,2.786
7665,CA-2014-151967,10/22/2014,10/26/2014,Standard Class,NB-18580,Nicole Brennan,Corporate,United States,Bossier City,Louisiana,71111,South,FUR-FU-10000193,Furniture,Furnishings,Tenex Chairmats For Use with Hard Floors,129.92,4,0,10.3936
7666,US-2016-140158,10/4/2016,10/8/2016,Standard Class,DR-12940,Daniel Raglin,Home Office,United States,Providence,Rhode Island,2908,East,OFF-BI-10000977,Office Supplies,Binders,Ibico Plastic Spiral Binding Combs,30.4,1,0,13.984
7667,US-2016-140158,10/4/2016,10/8/2016,Standard Class,DR-12940,Daniel Raglin,Home Office,United States,Providence,Rhode Island,2908,East,TEC-CO-10001449,Technology,Copiers,Hewlett Packard LaserJet 3310 Copier,5399.91,9,0,2591.9568
7668,US-2016-140158,10/4/2016,10/8/2016,Standard Class,DR-12940,Daniel Raglin,Home Office,United States,Providence,Rhode Island,2908,East,OFF-ST-10000136,Office Supplies,Storage,Letter Size File,119.1,3,0,34.539
7669,CA-2015-130974,11/27/2015,11/29/2015,Second Class,MA-17560,Matt Abelman,Home Office,United States,Everett,Massachusetts,2149,East,OFF-PA-10000743,Office Supplies,Paper,Xerox 1977,40.08,6,0,19.2384
7670,CA-2015-130974,11/27/2015,11/29/2015,Second Class,MA-17560,Matt Abelman,Home Office,United States,Everett,Massachusetts,2149,East,OFF-PA-10001019,Office Supplies,Paper,Xerox 1884,59.94,3,0,28.1718
7671,CA-2015-130974,11/27/2015,11/29/2015,Second Class,MA-17560,Matt Abelman,Home Office,United States,Everett,Massachusetts,2149,East,TEC-AC-10003095,Technology,Accessories,Logitech G35 7.1-Channel Surround Sound Headset,259.98,2,0,88.3932
7672,CA-2015-130974,11/27/2015,11/29/2015,Second Class,MA-17560,Matt Abelman,Home Office,United States,Everett,Massachusetts,2149,East,FUR-BO-10002916,Furniture,Bookcases,"Rush Hierlooms Collection 1"" Thick Stackable Bookcases",170.98,1,0,32.4862
7673,CA-2015-130974,11/27/2015,11/29/2015,Second Class,MA-17560,Matt Abelman,Home Office,United States,Everett,Massachusetts,2149,East,FUR-FU-10002506,Furniture,Furnishings,"Tensor ""Hersey Kiss"" Styled Floor Lamp",38.97,3,0,4.6764
7674,CA-2015-130974,11/27/2015,11/29/2015,Second Class,MA-17560,Matt Abelman,Home Office,United States,Everett,Massachusetts,2149,East,OFF-PA-10003823,Office Supplies,Paper,Xerox 197,154.9,5,0,69.705
7675,CA-2015-130974,11/27/2015,11/29/2015,Second Class,MA-17560,Matt Abelman,Home Office,United States,Everett,Massachusetts,2149,East,FUR-TA-10004619,Furniture,Tables,Hon Non-Folding Utility Tables,446.068,4,0.3,0
7676,CA-2017-133487,5/6/2017,5/9/2017,Second Class,TS-21655,Trudy Schmidt,Consumer,United States,Rancho Cucamonga,California,91730,West,OFF-AP-10001271,Office Supplies,Appliances,Eureka The Boss Cordless Rechargeable Stick Vac,152.94,3,0,41.2938
7677,CA-2014-142951,10/8/2014,10/8/2014,Same Day,JG-15115,Jack Garza,Consumer,United States,Charlotte,North Carolina,28205,South,TEC-AC-10002331,Technology,Accessories,"Maxell 74 Minute CDR, 10/Pack",23.472,3,0.2,4.9878
7678,CA-2014-133592,12/31/2014,1/7/2015,Standard Class,KM-16375,Katherine Murray,Home Office,United States,Providence,Rhode Island,2908,East,OFF-PA-10003228,Office Supplies,Paper,Xerox 1917,195.64,4,0,91.9508
7679,CA-2014-133592,12/31/2014,1/7/2015,Standard Class,KM-16375,Katherine Murray,Home Office,United States,Providence,Rhode Island,2908,East,OFF-PA-10002586,Office Supplies,Paper,Xerox 1970,14.94,3,0,7.0218
7680,CA-2014-133592,12/31/2014,1/7/2015,Standard Class,KM-16375,Katherine Murray,Home Office,United States,Providence,Rhode Island,2908,East,TEC-AC-10002049,Technology,Accessories,Plantronics Savi W720 Multi-Device Wireless Headset System,1687.8,4,0,742.632
7681,CA-2014-133592,12/31/2014,1/7/2015,Standard Class,KM-16375,Katherine Murray,Home Office,United States,Providence,Rhode Island,2908,East,FUR-BO-10000362,Furniture,Bookcases,Sauder Inglewood Library Bookcases,341.96,2,0,78.6508
7682,CA-2014-133592,12/31/2014,1/7/2015,Standard Class,KM-16375,Katherine Murray,Home Office,United States,Providence,Rhode Island,2908,East,FUR-CH-10004218,Furniture,Chairs,"Global Fabric Manager's Chair, Dark Gray",605.88,6,0,151.47
7683,CA-2015-120782,4/28/2015,5/1/2015,First Class,SD-20485,Shirley Daniels,Home Office,United States,Midland,Michigan,48640,Central,OFF-AP-10003779,Office Supplies,Appliances,Kensington 7 Outlet MasterPiece Power Center with Fax/Phone Line Protection,186.732,1,0.1,41.496
7684,CA-2015-120782,4/28/2015,5/1/2015,First Class,SD-20485,Shirley Daniels,Home Office,United States,Midland,Michigan,48640,Central,OFF-BI-10003527,Office Supplies,Binders,Fellowes PB500 Electric Punch Plastic Comb Binding Machine with Manual Bind,3812.97,3,0,1906.485
7685,CA-2015-116876,2/14/2015,2/21/2015,Standard Class,TT-21070,Ted Trevino,Consumer,United States,Rochester,New York,14609,East,OFF-BI-10002897,Office Supplies,Binders,"Black Avery Memo-Size 3-Ring Binder, 5 1/2"" x 8 1/2""",26.424,9,0.2,9.5787
7686,CA-2015-116876,2/14/2015,2/21/2015,Standard Class,TT-21070,Ted Trevino,Consumer,United States,Rochester,New York,14609,East,TEC-PH-10002584,Technology,Phones,Samsung Galaxy S4,625.99,1,0,187.797
7687,CA-2016-169838,11/25/2016,11/29/2016,Standard Class,BB-11545,Brenda Bowman,Corporate,United States,Jackson,Michigan,49201,Central,FUR-TA-10001095,Furniture,Tables,Chromcraft Round Conference Tables,1568.61,9,0,329.4081
7688,CA-2016-169838,11/25/2016,11/29/2016,Standard Class,BB-11545,Brenda Bowman,Corporate,United States,Jackson,Michigan,49201,Central,OFF-BI-10004002,Office Supplies,Binders,Wilson Jones International Size A4 Ring Binders,17.3,1,0,8.304
7689,CA-2016-169838,11/25/2016,11/29/2016,Standard Class,BB-11545,Brenda Bowman,Corporate,United States,Jackson,Michigan,49201,Central,TEC-AC-10004518,Technology,Accessories,Memorex Mini Travel Drive 32 GB USB 2.0 Flash Drive,160,8,0,62.4
7690,US-2017-128951,7/15/2017,7/17/2017,First Class,RS-19420,Ricardo Sperren,Corporate,United States,Suffolk,Virginia,23434,South,OFF-AP-10002191,Office Supplies,Appliances,Belkin 8 Outlet SurgeMaster II Gold Surge Protector,179.94,3,0,50.3832
7691,US-2017-128951,7/15/2017,7/17/2017,First Class,RS-19420,Ricardo Sperren,Corporate,United States,Suffolk,Virginia,23434,South,FUR-TA-10004575,Furniture,Tables,Hon 5100 Series Wood Tables,872.94,3,0,157.1292
7692,US-2017-128951,7/15/2017,7/17/2017,First Class,RS-19420,Ricardo Sperren,Corporate,United States,Suffolk,Virginia,23434,South,OFF-PA-10003177,Office Supplies,Paper,Xerox 1999,12.96,2,0,6.2208
7693,CA-2014-102330,12/29/2014,1/3/2015,Standard Class,AI-10855,Arianne Irving,Consumer,United States,Brentwood,California,94513,West,OFF-LA-10003923,Office Supplies,Labels,Alphabetical Labels for Top Tab Filing,88.8,6,0,44.4
7694,CA-2014-102330,12/29/2014,1/3/2015,Standard Class,AI-10855,Arianne Irving,Consumer,United States,Brentwood,California,94513,West,TEC-PH-10001051,Technology,Phones,HTC One,319.968,4,0.2,35.9964
7695,CA-2016-118899,3/22/2016,3/22/2016,Same Day,MC-17275,Marc Crier,Consumer,United States,Seattle,Washington,98103,West,FUR-CH-10004754,Furniture,Chairs,"Global Stack Chair with Arms, Black",167.888,7,0.2,14.6902
7696,CA-2017-107958,7/2/2017,7/5/2017,First Class,AH-10120,Adrian Hane,Home Office,United States,Houston,Texas,77036,Central,OFF-PA-10000357,Office Supplies,Paper,"White Dual Perf Computer Printout Paper, 2700 Sheets, 1 Part, Heavyweight, 20 lbs., 14 7/8 x 11",163.96,5,0.2,59.4355
7697,CA-2017-107958,7/2/2017,7/5/2017,First Class,AH-10120,Adrian Hane,Home Office,United States,Houston,Texas,77036,Central,OFF-BI-10001787,Office Supplies,Binders,Wilson Jones Four-Pocket Poly Binders,5.232,4,0.8,-8.1096
7698,CA-2017-151799,12/14/2017,12/18/2017,Standard Class,BF-11170,Ben Ferrer,Home Office,United States,Lawrence,Massachusetts,1841,East,TEC-CO-10002313,Technology,Copiers,Canon PC1080F Personal Copier,1199.98,2,0,467.9922
7699,CA-2017-151799,12/14/2017,12/18/2017,Standard Class,BF-11170,Ben Ferrer,Home Office,United States,Lawrence,Massachusetts,1841,East,OFF-ST-10002790,Office Supplies,Storage,Safco Industrial Shelving,73.85,1,0,2.2155
7700,CA-2017-151799,12/14/2017,12/18/2017,Standard Class,BF-11170,Ben Ferrer,Home Office,United States,Lawrence,Massachusetts,1841,East,OFF-SU-10001664,Office Supplies,Supplies,Acme Office Executive Series Stainless Steel Trimmers,25.71,3,0,6.6846
7701,CA-2017-151799,12/14/2017,12/18/2017,Standard Class,BF-11170,Ben Ferrer,Home Office,United States,Lawrence,Massachusetts,1841,East,OFF-FA-10001332,Office Supplies,Fasteners,"Acco Banker's Clasps, 5 3/4""-Long",17.28,6,0,8.1216
7702,CA-2017-151799,12/14/2017,12/18/2017,Standard Class,BF-11170,Ben Ferrer,Home Office,United States,Lawrence,Massachusetts,1841,East,FUR-TA-10003473,Furniture,Tables,Bretford Rectangular Conference Table Tops,526.582,2,0.3,-52.6582
7703,CA-2016-114601,8/26/2016,9/2/2016,Standard Class,AA-10480,Andrew Allen,Consumer,United States,Detroit,Michigan,48234,Central,OFF-PA-10000605,Office Supplies,Paper,Xerox 1950,11.56,2,0,5.6644
7704,CA-2016-114601,8/26/2016,9/2/2016,Standard Class,AA-10480,Andrew Allen,Consumer,United States,Detroit,Michigan,48234,Central,TEC-PH-10002170,Technology,Phones,ClearSounds CSC500 Amplified Spirit Phone Corded phone,209.97,3,0,58.7916
7705,CA-2016-114601,8/26/2016,9/2/2016,Standard Class,AA-10480,Andrew Allen,Consumer,United States,Detroit,Michigan,48234,Central,FUR-TA-10004147,Furniture,Tables,Hon 4060 Series Tables,447.84,4,0,98.5248
7706,CA-2016-114601,8/26/2016,9/2/2016,Standard Class,AA-10480,Andrew Allen,Consumer,United States,Detroit,Michigan,48234,Central,TEC-AC-10003911,Technology,Accessories,NETGEAR AC1750 Dual Band Gigabit Smart WiFi Router,479.97,3,0,163.1898
7707,CA-2016-114601,8/26/2016,9/2/2016,Standard Class,AA-10480,Andrew Allen,Consumer,United States,Detroit,Michigan,48234,Central,OFF-AR-10002578,Office Supplies,Art,Newell 335,8.64,3,0,2.5056
7708,CA-2017-100237,10/15/2017,10/19/2017,Standard Class,SV-20815,Stuart Van,Corporate,United States,Orem,Utah,84057,West,OFF-AR-10001761,Office Supplies,Art,Avery Hi-Liter Smear-Safe Highlighters,11.68,2,0,4.2048
7709,CA-2014-139542,10/25/2014,10/29/2014,Standard Class,EH-14185,Evan Henry,Consumer,United States,Philadelphia,Pennsylvania,19120,East,TEC-AC-10001553,Technology,Accessories,"Memorex 25GB 6X Branded Blu-Ray Recordable Disc, 15/Pack",40.776,3,0.2,0.5097
7710,CA-2014-139542,10/25/2014,10/29/2014,Standard Class,EH-14185,Evan Henry,Consumer,United States,Philadelphia,Pennsylvania,19120,East,OFF-BI-10000309,Office Supplies,Binders,"GBC Twin Loop Wire Binding Elements, 9/16"" Spine, Black",13.698,3,0.7,-9.5886
7711,US-2015-142811,4/2/2015,4/7/2015,Standard Class,JL-15850,John Lucas,Consumer,United States,Mesa,Arizona,85204,West,TEC-PH-10003095,Technology,Phones,Samsung HM1900 Bluetooth Headset,87.8,5,0.2,32.925
7712,CA-2017-139353,10/28/2017,10/30/2017,Second Class,JM-15250,Janet Martin,Consumer,United States,Fayetteville,North Carolina,28314,South,FUR-FU-10001876,Furniture,Furnishings,"Computer Room Manger, 14""",77.952,3,0.2,15.5904
7713,CA-2017-139353,10/28/2017,10/30/2017,Second Class,JM-15250,Janet Martin,Consumer,United States,Fayetteville,North Carolina,28314,South,OFF-ST-10001522,Office Supplies,Storage,"Gould Plastics 18-Pocket Panel Bin, 34w x 5-1/4d x 20-1/2h",147.184,2,0.2,-29.4368
7714,CA-2017-139353,10/28/2017,10/30/2017,Second Class,JM-15250,Janet Martin,Consumer,United States,Fayetteville,North Carolina,28314,South,OFF-PA-10000300,Office Supplies,Paper,Xerox 1936,47.952,3,0.2,16.1838
7715,CA-2014-150203,12/5/2014,12/7/2014,First Class,JB-15925,Joni Blumstein,Consumer,United States,Los Angeles,California,90032,West,OFF-AP-10001469,Office Supplies,Appliances,Fellowes 8 Outlet Superior Workstation Surge Protector,250.26,6,0,72.5754
7716,US-2017-101518,11/3/2017,11/8/2017,Standard Class,PB-19105,Peter Bühler,Consumer,United States,Philadelphia,Pennsylvania,19140,East,TEC-AC-10001553,Technology,Accessories,"Memorex 25GB 6X Branded Blu-Ray Recordable Disc, 15/Pack",40.776,3,0.2,0.5097
7717,CA-2015-149636,1/6/2015,1/12/2015,Standard Class,SP-20620,Stefania Perrino,Corporate,United States,Colorado Springs,Colorado,80906,West,OFF-PA-10004041,Office Supplies,Paper,"It's Hot Message Books with Stickers, 2 3/4"" x 5""",29.6,5,0.2,9.25
7718,CA-2015-149636,1/6/2015,1/12/2015,Standard Class,SP-20620,Stefania Perrino,Corporate,United States,Colorado Springs,Colorado,80906,West,OFF-BI-10002764,Office Supplies,Binders,Recycled Pressboard Report Cover with Reinforced Top Hinge,1.938,2,0.7,-1.3566
7719,US-2017-146213,9/9/2017,9/14/2017,Standard Class,MC-17605,Matt Connell,Corporate,United States,Los Angeles,California,90032,West,TEC-AC-10001114,Technology,Accessories,Microsoft Wireless Mobile Mouse 4000,159.96,4,0,51.1872
7720,CA-2015-108588,1/5/2015,1/10/2015,Standard Class,BG-11695,Brooke Gillingham,Corporate,United States,New York City,New York,10009,East,OFF-AR-10001615,Office Supplies,Art,Newell 34,59.52,3,0,15.4752
7721,CA-2015-108588,1/5/2015,1/10/2015,Standard Class,BG-11695,Brooke Gillingham,Corporate,United States,New York City,New York,10009,East,OFF-EN-10000461,Office Supplies,Envelopes,"#10- 4 1/8"" x 9 1/2"" Recycled Envelopes",17.48,2,0,8.2156
7722,CA-2015-108588,1/5/2015,1/10/2015,Standard Class,BG-11695,Brooke Gillingham,Corporate,United States,New York City,New York,10009,East,OFF-BI-10004506,Office Supplies,Binders,Wilson Jones data.warehouse D-Ring Binders with DublLock,13.168,2,0.2,4.6088
7723,US-2017-138086,4/16/2017,4/20/2017,Standard Class,JO-15550,Jesus Ocampo,Home Office,United States,San Francisco,California,94109,West,OFF-AP-10000027,Office Supplies,Appliances,Hoover Commercial SteamVac,40.74,3,0,12.222
7724,CA-2015-139374,9/10/2015,9/14/2015,Standard Class,AR-10345,Alex Russell,Corporate,United States,Austin,Texas,78745,Central,FUR-CH-10003981,Furniture,Chairs,Global Commerce Series Low-Back Swivel/Tilt Chairs,179.886,1,0.3,-2.5698
7725,CA-2016-113978,9/25/2016,9/29/2016,Standard Class,TS-21505,Tony Sayre,Consumer,United States,Cleveland,Ohio,44105,East,OFF-AP-10003849,Office Supplies,Appliances,Hoover Shoulder Vac Commercial Portable Vacuum,286.256,1,0.2,17.891
7726,CA-2016-113978,9/25/2016,9/29/2016,Standard Class,TS-21505,Tony Sayre,Consumer,United States,Cleveland,Ohio,44105,East,OFF-ST-10004963,Office Supplies,Storage,Eldon Gobal File Keepers,24.224,2,0.2,-4.8448
7727,CA-2016-113978,9/25/2016,9/29/2016,Standard Class,TS-21505,Tony Sayre,Consumer,United States,Cleveland,Ohio,44105,East,OFF-ST-10002574,Office Supplies,Storage,"SAFCO Commercial Wire Shelving, Black",331.536,3,0.2,-82.884
7728,US-2015-150231,3/16/2015,3/20/2015,Second Class,JK-15640,Jim Kriz,Home Office,United States,New York City,New York,10009,East,OFF-AR-10001761,Office Supplies,Art,Avery Hi-Liter Smear-Safe Highlighters,17.52,3,0,6.3072
7729,CA-2016-106915,11/26/2016,12/2/2016,Standard Class,GA-14515,George Ashbrook,Consumer,United States,El Paso,Texas,79907,Central,OFF-AR-10000716,Office Supplies,Art,DIXON Ticonderoga Erasable Checking Pencils,17.856,4,0.2,4.2408
7730,US-2016-109260,9/26/2016,10/1/2016,Standard Class,TN-21040,Tanja Norvell,Home Office,United States,Tallahassee,Florida,32303,South,TEC-AC-10002637,Technology,Accessories,Logitech VX Revolution Cordless Laser Mouse for Notebooks (Black),431.976,3,0.2,-75.5958
7731,CA-2017-104850,6/13/2017,6/19/2017,Standard Class,TW-21025,Tamara Willingham,Home Office,United States,Seattle,Washington,98103,West,FUR-CH-10003774,Furniture,Chairs,"Global Wood Trimmed Manager's Task Chair, Khaki",291.136,4,0.2,-25.4744
7732,CA-2017-140508,9/18/2017,9/21/2017,First Class,PA-19060,Pete Armstrong,Home Office,United States,Dallas,Texas,75220,Central,OFF-EN-10000927,Office Supplies,Envelopes,Jet-Pak Recycled Peel 'N' Seal Padded Mailers,114.848,4,0.2,35.89
7733,CA-2017-143294,6/2/2017,6/8/2017,Standard Class,JD-15790,John Dryer,Consumer,United States,Houston,Texas,77070,Central,OFF-PA-10000743,Office Supplies,Paper,Xerox 1977,10.688,2,0.2,3.7408
7734,CA-2016-165673,5/15/2016,5/19/2016,Second Class,MN-17935,Michael Nguyen,Consumer,United States,Springfield,Ohio,45503,East,OFF-PA-10000697,Office Supplies,Paper,"TOPS Voice Message Log Book, Flash Format",15.232,4,0.2,5.5216
7735,CA-2017-134418,9/15/2017,9/20/2017,Standard Class,GM-14500,Gene McClure,Consumer,United States,Seattle,Washington,98103,West,OFF-AR-10004441,Office Supplies,Art,BIC Brite Liner Highlighters,12.42,3,0,5.2164
7736,US-2016-106313,8/22/2016,8/26/2016,Standard Class,DG-13300,Deirdre Greer,Corporate,United States,Seattle,Washington,98105,West,OFF-PA-10001870,Office Supplies,Paper,Xerox 202,19.44,3,0,9.3312
7737,CA-2014-105872,5/30/2014,6/6/2014,Standard Class,JG-15160,James Galang,Consumer,United States,New York City,New York,10024,East,OFF-BI-10003684,Office Supplies,Binders,Wilson Jones Legal Size Ring Binders,70.368,4,0.2,26.388
7738,CA-2017-108287,12/18/2017,12/20/2017,First Class,AG-10330,Alex Grayson,Consumer,United States,Charlotte,North Carolina,28205,South,OFF-AR-10001315,Office Supplies,Art,Newell 310,12.672,9,0.2,1.4256
7739,CA-2017-141103,7/30/2017,8/6/2017,Standard Class,JF-15355,Jay Fein,Consumer,United States,Baltimore,Maryland,21215,East,TEC-PH-10003589,Technology,Phones,invisibleSHIELD by ZAGG Smudge-Free Screen Protector,89.95,5,0,43.176
7740,CA-2014-154781,11/21/2014,11/26/2014,Standard Class,SC-20680,Steve Carroll,Home Office,United States,San Francisco,California,94110,West,OFF-PA-10001609,Office Supplies,Paper,Tops Wirebound Message Log Books,6.58,2,0,3.0268
7741,CA-2014-154781,11/21/2014,11/26/2014,Standard Class,SC-20680,Steve Carroll,Home Office,United States,San Francisco,California,94110,West,TEC-AC-10000474,Technology,Accessories,Kensington Expert Mouse Optical USB Trackball for PC or Mac,94.99,1,0,28.497
7742,CA-2015-147816,9/24/2015,9/26/2015,Second Class,CM-11935,Carlos Meador,Consumer,United States,Tucson,Arizona,85705,West,TEC-PH-10003095,Technology,Phones,Samsung HM1900 Bluetooth Headset,35.12,2,0.2,13.17
7743,CA-2017-105326,8/20/2017,8/27/2017,Standard Class,KT-16480,Kean Thornton,Consumer,United States,Los Angeles,California,90036,West,OFF-PA-10001639,Office Supplies,Paper,Xerox 203,25.92,4,0,12.4416
7744,CA-2016-133613,6/17/2016,6/22/2016,Standard Class,CP-12340,Christine Phan,Corporate,United States,Waterbury,Connecticut,6708,East,OFF-BI-10002003,Office Supplies,Binders,Ibico Presentation Index for Binding Systems,7.96,2,0,3.7412
7745,CA-2016-133613,6/17/2016,6/22/2016,Standard Class,CP-12340,Christine Phan,Corporate,United States,Waterbury,Connecticut,6708,East,TEC-PH-10004539,Technology,Phones,Wireless Extenders zBoost YX545 SOHO Signal Booster,566.97,3,0,153.0819
7746,CA-2016-133613,6/17/2016,6/22/2016,Standard Class,CP-12340,Christine Phan,Corporate,United States,Waterbury,Connecticut,6708,East,OFF-AR-10003829,Office Supplies,Art,Newell 35,9.84,3,0,2.8536
7747,CA-2015-109113,12/19/2015,12/23/2015,Standard Class,EK-13795,Eileen Kiefer,Home Office,United States,Chicago,Illinois,60610,Central,TEC-AC-10004761,Technology,Accessories,Maxell 4.7GB DVD+RW 3/Pack,25.488,2,0.2,4.779
7748,CA-2015-156153,5/31/2015,6/2/2015,Second Class,CW-11905,Carl Weiss,Home Office,United States,Long Beach,New York,11561,East,OFF-FA-10003472,Office Supplies,Fasteners,Bagged Rubber Bands,7.56,6,0,0.3024
7749,CA-2015-133242,6/18/2015,6/24/2015,Standard Class,KH-16510,Keith Herrera,Consumer,United States,Arlington,Virginia,22204,South,FUR-FU-10003464,Furniture,Furnishings,"Seth Thomas 8 1/2"" Cubicle Clock",60.84,3,0,19.4688
7750,CA-2015-133242,6/18/2015,6/24/2015,Standard Class,KH-16510,Keith Herrera,Consumer,United States,Arlington,Virginia,22204,South,OFF-ST-10003716,Office Supplies,Storage,Tennsco Double-Tier Lockers,450.04,2,0,58.5052
7751,CA-2015-133242,6/18/2015,6/24/2015,Standard Class,KH-16510,Keith Herrera,Consumer,United States,Arlington,Virginia,22204,South,OFF-BI-10004002,Office Supplies,Binders,Wilson Jones International Size A4 Ring Binders,34.6,2,0,16.608
7752,CA-2015-133242,6/18/2015,6/24/2015,Standard Class,KH-16510,Keith Herrera,Consumer,United States,Arlington,Virginia,22204,South,TEC-PH-10002496,Technology,Phones,Cisco SPA301,467.97,3,0,140.391
7753,CA-2015-133242,6/18/2015,6/24/2015,Standard Class,KH-16510,Keith Herrera,Consumer,United States,Arlington,Virginia,22204,South,OFF-BI-10004826,Office Supplies,Binders,JM Magazine Binder,33.02,2,0,15.8496
7754,CA-2015-158323,11/30/2015,12/3/2015,First Class,AB-10600,Ann Blume,Corporate,United States,Jacksonville,North Carolina,28540,South,FUR-FU-10001546,Furniture,Furnishings,Dana Swing-Arm Lamps,17.088,2,0.2,1.068
7755,CA-2015-161795,12/21/2015,12/23/2015,Second Class,AH-10075,Adam Hart,Corporate,United States,Columbus,Ohio,43229,East,OFF-AR-10001919,Office Supplies,Art,"OIC #2 Pencils, Medium Soft",3.008,2,0.2,0.3384
7756,CA-2017-100902,11/17/2017,11/21/2017,Standard Class,CK-12595,Clytie Kelty,Consumer,United States,Charlotte,North Carolina,28205,South,OFF-PA-10002558,Office Supplies,Paper,Xerox 1938,268.24,7,0.2,93.884
7757,CA-2017-100902,11/17/2017,11/21/2017,Standard Class,CK-12595,Clytie Kelty,Consumer,United States,Charlotte,North Carolina,28205,South,TEC-AC-10003174,Technology,Accessories,Plantronics S12 Corded Telephone Headset System,431.16,5,0.2,107.79
7758,CA-2017-112844,11/13/2017,11/16/2017,Second Class,SP-20620,Stefania Perrino,Corporate,United States,Buffalo,New York,14215,East,TEC-PH-10003988,Technology,Phones,"LF Elite 3D Dazzle Designer Hard Case Cover, Lf Stylus Pen and Wiper For Apple Iphone 5c Mini Lite",43.6,4,0,12.208
7759,CA-2017-112844,11/13/2017,11/16/2017,Second Class,SP-20620,Stefania Perrino,Corporate,United States,Buffalo,New York,14215,East,FUR-FU-10004845,Furniture,Furnishings,"Deflect-o EconoMat Nonstudded, No Bevel Mat",154.95,3,0,30.99
7760,CA-2016-158925,10/24/2016,10/28/2016,Standard Class,JP-15460,Jennifer Patt,Corporate,United States,Houston,Texas,77041,Central,OFF-PA-10003072,Office Supplies,Paper,"Eureka Recycled Copy Paper 8 1/2"" x 11"", Ream",15.552,3,0.2,5.4432
7761,CA-2014-155390,12/6/2014,12/11/2014,Standard Class,BG-11035,Barry Gonzalez,Consumer,United States,Memphis,Tennessee,38109,South,OFF-PA-10003641,Office Supplies,Paper,Xerox 1909,42.208,2,0.2,13.7176
7762,CA-2017-123071,12/3/2017,12/6/2017,First Class,CC-12550,Clay Cheatham,Consumer,United States,Plano,Texas,75023,Central,OFF-PA-10003729,Office Supplies,Paper,Xerox 1998,10.368,2,0.2,3.6288
7763,CA-2017-156391,9/26/2017,9/28/2017,First Class,SL-20155,Sara Luxemburg,Home Office,United States,Salem,Oregon,97301,West,OFF-AR-10003251,Office Supplies,Art,Prang Drawing Pencil Set,2.224,1,0.2,0.556
7764,CA-2015-103093,2/3/2015,2/7/2015,Standard Class,FO-14305,Frank Olsen,Consumer,United States,Columbus,Georgia,31907,South,OFF-EN-10003286,Office Supplies,Envelopes,Staple envelope,74.52,9,0,35.0244
7765,US-2017-118941,8/12/2017,8/12/2017,Same Day,BB-11545,Brenda Bowman,Corporate,United States,Columbia,Maryland,21044,East,OFF-AR-10004078,Office Supplies,Art,Newell 312,17.52,3,0,5.256
7766,US-2017-118941,8/12/2017,8/12/2017,Same Day,BB-11545,Brenda Bowman,Corporate,United States,Columbia,Maryland,21044,East,FUR-CH-10002331,Furniture,Chairs,Hon 4700 Series Mobuis Mid-Back Task Chairs with Adjustable Arms,1779.9,5,0,373.779
7767,US-2017-118941,8/12/2017,8/12/2017,Same Day,BB-11545,Brenda Bowman,Corporate,United States,Columbia,Maryland,21044,East,OFF-AR-10001953,Office Supplies,Art,Boston 1645 Deluxe Heavier-Duty Electric Pencil Sharpener,219.9,5,0,59.373
7768,CA-2015-169299,8/24/2015,8/26/2015,First Class,DO-13435,Denny Ordway,Consumer,United States,Portland,Oregon,97206,West,OFF-AR-10002053,Office Supplies,Art,"Premium Writing Pencils, Soft, #2 by Central Association for the Blind",7.152,3,0.2,0.7152
7769,CA-2017-154088,11/12/2017,11/17/2017,Standard Class,LB-16735,Larry Blacks,Consumer,United States,Tallahassee,Florida,32303,South,OFF-PA-10003651,Office Supplies,Paper,Xerox 1968,26.72,5,0.2,9.352
7770,CA-2016-155978,8/1/2016,8/1/2016,Same Day,TS-21205,Thomas Seio,Corporate,United States,Riverside,California,92503,West,TEC-PH-10002885,Technology,Phones,Apple iPhone 5,1039.728,2,0.2,90.9762
7771,CA-2016-155978,8/1/2016,8/1/2016,Same Day,TS-21205,Thomas Seio,Corporate,United States,Riverside,California,92503,West,OFF-AP-10002892,Office Supplies,Appliances,Belkin F5C206VTEL 6 Outlet Surge,45.96,2,0,13.788
7772,CA-2016-108196,11/25/2016,12/2/2016,Standard Class,CS-12505,Cindy Stewart,Consumer,United States,Lancaster,Ohio,43130,East,OFF-BI-10000545,Office Supplies,Binders,GBC Ibimaster 500 Manual ProClick Binding System,456.588,2,0.7,-304.392
7773,CA-2016-108196,11/25/2016,12/2/2016,Standard Class,CS-12505,Cindy Stewart,Consumer,United States,Lancaster,Ohio,43130,East,TEC-MA-10000418,Technology,Machines,Cubify CubeX 3D Printer Double Head Print,4499.985,5,0.7,-6599.978
7774,CA-2016-108196,11/25/2016,12/2/2016,Standard Class,CS-12505,Cindy Stewart,Consumer,United States,Lancaster,Ohio,43130,East,TEC-AC-10000926,Technology,Accessories,NETGEAR RangeMax WNR1000 Wireless Router,59.976,3,0.2,11.9952
7775,CA-2016-152800,4/13/2016,4/15/2016,First Class,SP-20920,Susan Pistek,Consumer,United States,San Francisco,California,94109,West,OFF-EN-10001509,Office Supplies,Envelopes,Poly String Tie Envelopes,6.12,3,0,2.8764
7776,CA-2014-166961,12/27/2014,12/31/2014,Standard Class,CD-12790,Cynthia Delaney,Home Office,United States,Moreno Valley,California,92553,West,OFF-AP-10001366,Office Supplies,Appliances,Staple holder,10.98,1,0,2.9646
7777,CA-2014-166961,12/27/2014,12/31/2014,Standard Class,CD-12790,Cynthia Delaney,Home Office,United States,Moreno Valley,California,92553,West,OFF-FA-10003485,Office Supplies,Fasteners,Staples,7.86,3,0,3.6156
7778,CA-2014-166961,12/27/2014,12/31/2014,Standard Class,CD-12790,Cynthia Delaney,Home Office,United States,Moreno Valley,California,92553,West,OFF-ST-10004507,Office Supplies,Storage,Advantus Rolling Storage Box,51.45,3,0,13.8915
7779,CA-2014-166961,12/27/2014,12/31/2014,Standard Class,CD-12790,Cynthia Delaney,Home Office,United States,Moreno Valley,California,92553,West,OFF-BI-10002353,Office Supplies,Binders,GBC VeloBind Cover Sets,37.056,3,0.2,13.896
7780,CA-2016-139381,4/18/2016,4/22/2016,Standard Class,RF-19840,Roy Französisch,Consumer,United States,Chesapeake,Virginia,23320,South,OFF-AP-10001271,Office Supplies,Appliances,Eureka The Boss Cordless Rechargeable Stick Vac,203.92,4,0,55.0584
7781,CA-2016-139381,4/18/2016,4/22/2016,Standard Class,RF-19840,Roy Französisch,Consumer,United States,Chesapeake,Virginia,23320,South,TEC-PH-10004924,Technology,Phones,"SKILCRAFT Telephone Shoulder Rest, 2"" x 6.5"" x 2.5"", Black",29.56,4,0,7.9812
7782,CA-2015-132136,3/8/2015,3/12/2015,Standard Class,FO-14305,Frank Olsen,Consumer,United States,Chicago,Illinois,60623,Central,OFF-BI-10002706,Office Supplies,Binders,Avery Premier Heavy-Duty Binder with Round Locking Rings,8.568,3,0.8,-14.5656
7783,CA-2016-162236,11/4/2016,11/6/2016,Second Class,ER-13855,Elpida Rittenbach,Corporate,United States,Charlotte,North Carolina,28205,South,OFF-ST-10003442,Office Supplies,Storage,Eldon Portable Mobile Manager,45.248,2,0.2,3.9592
7784,CA-2016-162236,11/4/2016,11/6/2016,Second Class,ER-13855,Elpida Rittenbach,Corporate,United States,Charlotte,North Carolina,28205,South,FUR-TA-10002533,Furniture,Tables,BPI Conference Tables,876.3,10,0.4,-292.1
7785,CA-2016-162236,11/4/2016,11/6/2016,Second Class,ER-13855,Elpida Rittenbach,Corporate,United States,Charlotte,North Carolina,28205,South,OFF-SU-10003505,Office Supplies,Supplies,Premier Electric Letter Opener,185.376,2,0.2,-34.758
7786,US-2014-111353,11/29/2014,12/6/2014,Standard Class,PB-19150,Philip Brown,Consumer,United States,New York City,New York,10009,East,OFF-LA-10002762,Office Supplies,Labels,Avery 485,25.06,2,0,11.7782
7787,US-2016-117037,5/17/2016,5/20/2016,First Class,LW-17215,Luke Weiss,Consumer,United States,Chicago,Illinois,60653,Central,OFF-BI-10000279,Office Supplies,Binders,"Acco Recycled 2"" Capacity Laser Printer Hanging Data Binders",2.89,1,0.8,-4.7685
7788,US-2016-117037,5/17/2016,5/20/2016,First Class,LW-17215,Luke Weiss,Consumer,United States,Chicago,Illinois,60653,Central,OFF-FA-10000936,Office Supplies,Fasteners,Acco Hot Clips Clips to Go,7.896,3,0.2,2.4675
7789,US-2016-117037,5/17/2016,5/20/2016,First Class,LW-17215,Luke Weiss,Consumer,United States,Chicago,Illinois,60653,Central,FUR-FU-10004973,Furniture,Furnishings,Flat Face Poster Frame,22.608,3,0.6,-10.1736
7790,US-2016-117037,5/17/2016,5/20/2016,First Class,LW-17215,Luke Weiss,Consumer,United States,Chicago,Illinois,60653,Central,OFF-PA-10000791,Office Supplies,Paper,"Wirebound Message Books, Four 2 3/4 x 5 Forms per Page, 200 Sets per Book",30.528,8,0.2,9.54
7791,CA-2017-160801,9/19/2017,9/19/2017,Same Day,FG-14260,Frank Gastineau,Home Office,United States,Philadelphia,Pennsylvania,19120,East,OFF-BI-10001132,Office Supplies,Binders,"Acco PRESSTEX Data Binder with Storage Hooks, Dark Blue, 9 1/2"" X 11""",4.842,3,0.7,-3.3894
7792,CA-2016-108364,12/19/2016,12/24/2016,Standard Class,BP-11050,Barry Pond,Corporate,United States,Chicago,Illinois,60623,Central,OFF-BI-10002012,Office Supplies,Binders,Wilson Jones Easy Flow II Sheet Lifters,1.8,5,0.8,-2.88
7793,CA-2017-169362,10/12/2017,10/15/2017,First Class,SP-20860,Sung Pak,Corporate,United States,Dallas,Texas,75217,Central,TEC-AC-10001383,Technology,Accessories,Logitech Wireless Touch Keyboard K400,39.984,2,0.2,-1.4994
7794,CA-2015-127481,12/12/2015,12/15/2015,Second Class,JD-15895,Jonathan Doherty,Corporate,United States,Las Vegas,Nevada,89115,West,OFF-PA-10002036,Office Supplies,Paper,Xerox 1930,32.4,5,0,15.876
7795,CA-2015-127481,12/12/2015,12/15/2015,Second Class,JD-15895,Jonathan Doherty,Corporate,United States,Las Vegas,Nevada,89115,West,OFF-PA-10002377,Office Supplies,Paper,Xerox 1916,97.88,2,0,48.94
7796,CA-2015-112711,7/12/2015,7/18/2015,Standard Class,FM-14380,Fred McMath,Consumer,United States,Amarillo,Texas,79109,Central,TEC-PH-10000526,Technology,Phones,Vtech CS6719,307.168,4,0.2,30.7168
7797,US-2015-145121,10/2/2015,10/6/2015,Standard Class,MP-17965,Michael Paige,Corporate,United States,Middletown,Connecticut,6457,East,OFF-BI-10001078,Office Supplies,Binders,"Acco PRESSTEX Data Binder with Storage Hooks, Dark Blue, 14 7/8"" X 11""",26.9,5,0,13.181
7798,CA-2017-166184,3/24/2017,3/27/2017,First Class,HR-14830,Harold Ryan,Corporate,United States,New York City,New York,10035,East,OFF-EN-10004483,Office Supplies,Envelopes,"#10 White Business Envelopes,4 1/8 x 9 1/2",47.01,3,0,22.0947
7799,CA-2017-166184,3/24/2017,3/27/2017,First Class,HR-14830,Harold Ryan,Corporate,United States,New York City,New York,10035,East,TEC-PH-10002624,Technology,Phones,Samsung Galaxy S4 Mini,469.99,1,0,136.2971
7800,CA-2017-166184,3/24/2017,3/27/2017,First Class,HR-14830,Harold Ryan,Corporate,United States,New York City,New York,10035,East,FUR-CH-10003396,Furniture,Chairs,Global Deluxe Steno Chair,207.846,3,0.1,2.3094
7801,CA-2017-157413,6/1/2017,6/6/2017,Standard Class,BW-11065,Barry Weirich,Consumer,United States,Philadelphia,Pennsylvania,19120,East,OFF-ST-10002756,Office Supplies,Storage,"Tennsco Stur-D-Stor Boltless Shelving, 5 Shelves, 24"" Deep, Sand",324.744,3,0.2,-77.1267
7802,CA-2014-143637,3/24/2014,3/29/2014,Second Class,MS-17710,Maurice Satty,Consumer,United States,Fresno,California,93727,West,FUR-FU-10002813,Furniture,Furnishings,"DAX Contemporary Wood Frame with Silver Metal Mat, Desktop, 11 x 14 Size",40.48,2,0,14.5728
7803,CA-2015-102260,9/22/2015,9/26/2015,Standard Class,SJ-20125,Sanjit Jacobs,Home Office,United States,Franklin,Tennessee,37064,South,OFF-LA-10003714,Office Supplies,Labels,Avery 510,12,4,0.2,4.2
7804,CA-2015-102260,9/22/2015,9/26/2015,Standard Class,SJ-20125,Sanjit Jacobs,Home Office,United States,Franklin,Tennessee,37064,South,OFF-ST-10003716,Office Supplies,Storage,Tennsco Double-Tier Lockers,720.064,4,0.2,-63.0056
7805,CA-2015-102260,9/22/2015,9/26/2015,Standard Class,SJ-20125,Sanjit Jacobs,Home Office,United States,Franklin,Tennessee,37064,South,OFF-ST-10002289,Office Supplies,Storage,"Safco Wire Cube Shelving System, For Use as 4 or 5 14"" Cubes, Black",25.424,1,0.2,-4.767
7806,CA-2015-102260,9/22/2015,9/26/2015,Standard Class,SJ-20125,Sanjit Jacobs,Home Office,United States,Franklin,Tennessee,37064,South,OFF-AR-10001315,Office Supplies,Art,Newell 310,2.816,2,0.2,0.3168
7807,CA-2015-102260,9/22/2015,9/26/2015,Standard Class,SJ-20125,Sanjit Jacobs,Home Office,United States,Franklin,Tennessee,37064,South,OFF-BI-10000042,Office Supplies,Binders,"Pressboard Data Binder, Crimson, 12"" X 8 1/2""",3.204,2,0.7,-2.5632
7808,US-2016-137295,1/8/2016,1/13/2016,Standard Class,VS-21820,Vivek Sundaresam,Consumer,United States,Raleigh,North Carolina,27604,South,OFF-BI-10004236,Office Supplies,Binders,"XtraLife ClearVue Slant-D Ring Binder, White, 3""",30.828,7,0.7,-24.6624
7809,US-2016-137295,1/8/2016,1/13/2016,Standard Class,VS-21820,Vivek Sundaresam,Consumer,United States,Raleigh,North Carolina,27604,South,OFF-AR-10001955,Office Supplies,Art,Newell 319,47.616,3,0.2,5.952
7810,US-2016-137295,1/8/2016,1/13/2016,Standard Class,VS-21820,Vivek Sundaresam,Consumer,United States,Raleigh,North Carolina,27604,South,TEC-PH-10004080,Technology,Phones,Avaya 5410 Digital phone,108.784,2,0.2,10.8784
7811,CA-2016-134334,2/14/2016,2/15/2016,First Class,DK-13090,Dave Kipp,Consumer,United States,Clinton,Maryland,20735,East,OFF-PA-10000791,Office Supplies,Paper,"Wirebound Message Books, Four 2 3/4 x 5 Forms per Page, 200 Sets per Book",4.77,1,0,2.1465
7812,CA-2016-134334,2/14/2016,2/15/2016,First Class,DK-13090,Dave Kipp,Consumer,United States,Clinton,Maryland,20735,East,OFF-AR-10001770,Office Supplies,Art,Economy #2 Pencils,7.98,3,0,2.0748
7813,CA-2016-134334,2/14/2016,2/15/2016,First Class,DK-13090,Dave Kipp,Consumer,United States,Clinton,Maryland,20735,East,FUR-TA-10002356,Furniture,Tables,Bevis Boat-Shaped Conference Table,550.431,3,0.3,-47.1798
7814,CA-2016-134334,2/14/2016,2/15/2016,First Class,DK-13090,Dave Kipp,Consumer,United States,Clinton,Maryland,20735,East,FUR-FU-10003274,Furniture,Furnishings,Regeneration Desk Collection,10.56,6,0,4.6464
7815,US-2017-109316,6/8/2017,6/10/2017,First Class,MG-17680,Maureen Gastineau,Home Office,United States,Los Angeles,California,90049,West,FUR-BO-10004834,Furniture,Bookcases,"Riverside Palais Royal Lawyers Bookcase, Royale Cherry Finish",1497.666,2,0.15,140.9568
7816,US-2017-109316,6/8/2017,6/10/2017,First Class,MG-17680,Maureen Gastineau,Home Office,United States,Los Angeles,California,90049,West,TEC-PH-10000307,Technology,Phones,Shocksock Galaxy S4 Armband,17.52,2,0.2,-3.504
7817,CA-2016-138478,10/21/2016,10/26/2016,Second Class,DP-13390,Dennis Pardue,Home Office,United States,North Las Vegas,Nevada,89031,West,OFF-AR-10002240,Office Supplies,Art,Panasonic KP-150 Electric Pencil Sharpener,113.22,3,0,29.4372
7818,CA-2016-138478,10/21/2016,10/26/2016,Second Class,DP-13390,Dennis Pardue,Home Office,United States,North Las Vegas,Nevada,89031,West,OFF-PA-10001801,Office Supplies,Paper,Xerox 193,35.88,6,0,17.5812
7819,CA-2016-138478,10/21/2016,10/26/2016,Second Class,DP-13390,Dennis Pardue,Home Office,United States,North Las Vegas,Nevada,89031,West,OFF-BI-10001120,Office Supplies,Binders,Ibico EPK-21 Electric Binding System,4535.976,3,0.2,1644.2913
7820,CA-2017-150469,1/26/2017,1/30/2017,Standard Class,CJ-12010,Caroline Jumper,Consumer,United States,San Francisco,California,94109,West,OFF-FA-10000611,Office Supplies,Fasteners,Binder Clips by OIC,11.84,8,0,5.6832
7821,CA-2017-152436,12/8/2017,12/10/2017,Second Class,CW-11905,Carl Weiss,Home Office,United States,Cranston,Rhode Island,2920,East,OFF-ST-10000036,Office Supplies,Storage,"Recycled Data-Pak for Archival Bound Computer Printouts, 12-1/2 x 12-1/2 x 16",592.74,6,0,160.0398
7822,CA-2016-169334,10/21/2016,10/24/2016,Second Class,GW-14605,Giulietta Weimer,Consumer,United States,Jackson,Tennessee,38301,South,OFF-ST-10004950,Office Supplies,Storage,"Tenex Personal Filing Tote With Secure Closure Lid, Black/Frost",111.672,9,0.2,6.9795
7823,US-2014-115413,8/26/2014,9/1/2014,Standard Class,PP-18955,Paul Prost,Home Office,United States,Newark,Delaware,19711,East,OFF-AR-10003770,Office Supplies,Art,Newell 340,8.64,3,0,2.5056
7824,US-2014-115413,8/26/2014,9/1/2014,Standard Class,PP-18955,Paul Prost,Home Office,United States,Newark,Delaware,19711,East,TEC-AC-10002800,Technology,Accessories,Plantronics Audio 478 Stereo USB Headset,149.97,3,0,52.4895
7825,CA-2014-125150,5/16/2014,5/23/2014,Standard Class,PW-19030,Pauline Webber,Corporate,United States,Los Angeles,California,90036,West,FUR-CH-10002439,Furniture,Chairs,"Iceberg Nesting Folding Chair, 19w x 6d x 43h",232.88,5,0.2,17.466
7826,CA-2015-127327,2/3/2015,2/7/2015,Standard Class,PW-19030,Pauline Webber,Corporate,United States,Rome,New York,13440,East,FUR-CH-10004218,Furniture,Chairs,"Global Fabric Manager's Chair, Dark Gray",90.882,1,0.1,15.147
7827,CA-2017-117114,10/31/2017,11/5/2017,Standard Class,CY-12745,Craig Yedwab,Corporate,United States,Chicago,Illinois,60610,Central,TEC-PH-10004042,Technology,Phones,ClearOne Communications CHAT 70 OC Speaker Phone,508.768,4,0.2,38.1576
7828,CA-2017-117114,10/31/2017,11/5/2017,Standard Class,CY-12745,Craig Yedwab,Corporate,United States,Chicago,Illinois,60610,Central,OFF-EN-10001137,Office Supplies,Envelopes,"#10 Gummed Flap White Envelopes, 100/Box",9.912,3,0.2,3.2214
7829,CA-2015-137302,4/26/2015,5/1/2015,Standard Class,BW-11110,Bart Watters,Corporate,United States,San Diego,California,92105,West,FUR-CH-10002017,Furniture,Chairs,SAFCO Optional Arm Kit for Workspace Cribbage Stacking Chair,63.936,3,0.2,6.3936
7830,CA-2015-137302,4/26/2015,5/1/2015,Standard Class,BW-11110,Bart Watters,Corporate,United States,San Diego,California,92105,West,OFF-AR-10000588,Office Supplies,Art,Newell 345,59.52,3,0,15.4752
7831,CA-2015-137302,4/26/2015,5/1/2015,Standard Class,BW-11110,Bart Watters,Corporate,United States,San Diego,California,92105,West,TEC-PH-10003174,Technology,Phones,RCA ViSYS 25825 Wireless digital phone,311.976,3,0.2,38.997
7832,CA-2015-137302,4/26/2015,5/1/2015,Standard Class,BW-11110,Bart Watters,Corporate,United States,San Diego,California,92105,West,OFF-BI-10001524,Office Supplies,Binders,GBC Premium Transparent Covers with Diagonal Lined Pattern,50.352,3,0.2,17.6232
7833,CA-2016-112382,5/9/2016,5/13/2016,Standard Class,MB-18085,Mick Brown,Consumer,United States,Houston,Texas,77036,Central,TEC-PH-10001552,Technology,Phones,I Need's 3d Hello Kitty Hybrid Silicone Case Cover for HTC One X 4g with 3d Hello Kitty Stylus Pen Green/pink,19.136,2,0.2,1.9136
7834,CA-2015-128958,1/24/2015,1/28/2015,Standard Class,CR-12820,Cyra Reiten,Home Office,United States,West Palm Beach,Florida,33407,South,OFF-AR-10004757,Office Supplies,Art,Crayola Colored Pencils,13.12,5,0.2,2.132
7835,CA-2015-106257,4/13/2015,4/17/2015,Second Class,EB-14110,Eugene Barchas,Consumer,United States,Los Angeles,California,90045,West,FUR-TA-10002530,Furniture,Tables,"Iceberg OfficeWorks 42"" Round Tables",241.568,2,0.2,-15.098
7836,CA-2015-106257,4/13/2015,4/17/2015,Second Class,EB-14110,Eugene Barchas,Consumer,United States,Los Angeles,California,90045,West,TEC-PH-10001494,Technology,Phones,Polycom CX600 IP Phone VoIP phone,479.92,2,0.2,41.993
7837,CA-2015-149083,9/25/2015,9/30/2015,Standard Class,SH-19975,Sally Hughsby,Corporate,United States,Seattle,Washington,98103,West,FUR-CH-10004289,Furniture,Chairs,Global Super Steno Chair,307.136,4,0.2,-11.5176
7838,CA-2015-149083,9/25/2015,9/30/2015,Standard Class,SH-19975,Sally Hughsby,Corporate,United States,Seattle,Washington,98103,West,OFF-LA-10002945,Office Supplies,Labels,"Permanent Self-Adhesive File Folder Labels for Typewriters, 1 1/8 x 3 1/2, White",12.6,2,0,5.796
7839,CA-2015-149083,9/25/2015,9/30/2015,Standard Class,SH-19975,Sally Hughsby,Corporate,United States,Seattle,Washington,98103,West,TEC-AC-10002567,Technology,Accessories,Logitech G602 Wireless Gaming Mouse,159.98,2,0,57.5928
7840,US-2014-137869,3/28/2014,4/2/2014,Standard Class,CV-12295,Christina VanderZanden,Consumer,United States,Des Moines,Iowa,50315,Central,OFF-EN-10001509,Office Supplies,Envelopes,Poly String Tie Envelopes,6.12,3,0,2.8764
7841,US-2014-137869,3/28/2014,4/2/2014,Standard Class,CV-12295,Christina VanderZanden,Consumer,United States,Des Moines,Iowa,50315,Central,FUR-TA-10003954,Furniture,Tables,Hon 94000 Series Round Tables,1184.72,4,0,106.6248
7842,CA-2016-116603,7/17/2016,7/22/2016,Standard Class,AT-10735,Annie Thurman,Consumer,United States,New York City,New York,10024,East,OFF-AP-10002892,Office Supplies,Appliances,Belkin F5C206VTEL 6 Outlet Surge,45.96,2,0,13.788
7843,CA-2014-158470,4/19/2014,4/23/2014,Second Class,AG-10390,Allen Goldenen,Consumer,United States,Arlington,Virginia,22204,South,OFF-BI-10003638,Office Supplies,Binders,GBC Durable Plastic Covers,58.05,3,0,26.703
7844,CA-2014-158470,4/19/2014,4/23/2014,Second Class,AG-10390,Allen Goldenen,Consumer,United States,Arlington,Virginia,22204,South,OFF-PA-10001569,Office Supplies,Paper,Xerox 232,71.28,11,0,34.2144
7845,US-2017-123834,7/21/2017,7/25/2017,Standard Class,GM-14500,Gene McClure,Consumer,United States,Pharr,Texas,78577,Central,FUR-TA-10001676,Furniture,Tables,Hon 61000 Series Interactive Training Tables,124.404,4,0.3,-21.3264
7846,CA-2015-125976,9/27/2015,10/2/2015,Standard Class,JK-15205,Jamie Kunitz,Consumer,United States,Arlington,Virginia,22204,South,OFF-PA-10001125,Office Supplies,Paper,Xerox 1988,154.9,5,0,69.705
7847,CA-2015-125976,9/27/2015,10/2/2015,Standard Class,JK-15205,Jamie Kunitz,Consumer,United States,Arlington,Virginia,22204,South,TEC-PH-10002496,Technology,Phones,Cisco SPA301,1871.88,12,0,561.564
7848,CA-2016-128706,2/27/2016,3/2/2016,Standard Class,DW-13540,Don Weiss,Consumer,United States,Houston,Texas,77070,Central,FUR-FU-10004053,Furniture,Furnishings,DAX Two-Tone Silver Metal Document Frame,16.192,2,0.6,-6.8816
7849,CA-2016-104311,5/2/2016,5/6/2016,Standard Class,AS-10090,Adam Shillingsburg,Consumer,United States,Irving,Texas,75061,Central,OFF-ST-10000321,Office Supplies,Storage,Akro Stacking Bins,18.936,3,0.2,-3.7872
7850,CA-2016-104311,5/2/2016,5/6/2016,Standard Class,AS-10090,Adam Shillingsburg,Consumer,United States,Irving,Texas,75061,Central,OFF-ST-10002957,Office Supplies,Storage,Sterilite Show Offs Storage Containers,12.672,3,0.2,-3.168
7851,CA-2016-104311,5/2/2016,5/6/2016,Standard Class,AS-10090,Adam Shillingsburg,Consumer,United States,Irving,Texas,75061,Central,OFF-LA-10000973,Office Supplies,Labels,Avery 502,5.04,2,0.2,1.764
7852,CA-2014-169649,12/9/2014,12/15/2014,Standard Class,TS-21205,Thomas Seio,Corporate,United States,Chicago,Illinois,60653,Central,OFF-PA-10000143,Office Supplies,Paper,Astroparche Fine Business Paper,8.448,2,0.2,2.9568
7853,CA-2014-169649,12/9/2014,12/15/2014,Standard Class,TS-21205,Thomas Seio,Corporate,United States,Chicago,Illinois,60653,Central,OFF-AP-10003287,Office Supplies,Appliances,Tripp Lite TLP810NET Broadband Surge for Modem/Fax,20.388,2,0.8,-53.0088
7854,CA-2015-144890,12/25/2015,12/29/2015,Standard Class,SM-20320,Sean Miller,Home Office,United States,Los Angeles,California,90049,West,OFF-PA-10001526,Office Supplies,Paper,Xerox 1949,9.96,2,0,4.8804
7855,CA-2017-135587,12/7/2017,12/12/2017,Standard Class,BH-11710,Brosina Hoffman,Consumer,United States,Hattiesburg,Mississippi,39401,South,OFF-AP-10004540,Office Supplies,Appliances,"Eureka The Boss Lite 10-Amp Upright Vacuum, Blue",320.64,4,0,89.7792
7856,CA-2017-135587,12/7/2017,12/12/2017,Standard Class,BH-11710,Brosina Hoffman,Consumer,United States,Hattiesburg,Mississippi,39401,South,TEC-AC-10001266,Technology,Accessories,Memorex Micro Travel Drive 8 GB,52,4,0,23.4
7857,CA-2014-103429,5/30/2014,6/1/2014,First Class,LW-16825,Laurel Workman,Corporate,United States,New York City,New York,10024,East,OFF-BI-10004233,Office Supplies,Binders,"GBC Pre-Punched Binding Paper, Plastic, White, 8-1/2"" x 11""",25.584,2,0.2,8.9544
7858,CA-2014-103429,5/30/2014,6/1/2014,First Class,LW-16825,Laurel Workman,Corporate,United States,New York City,New York,10024,East,TEC-PH-10003505,Technology,Phones,Geemarc AmpliPOWER60,464,5,0,134.56
7859,CA-2014-103429,5/30/2014,6/1/2014,First Class,LW-16825,Laurel Workman,Corporate,United States,New York City,New York,10024,East,OFF-AP-10001005,Office Supplies,Appliances,Honeywell Quietcare HEPA Air Cleaner,235.95,3,0,77.8635
7860,CA-2014-103429,5/30/2014,6/1/2014,First Class,LW-16825,Laurel Workman,Corporate,United States,New York City,New York,10024,East,OFF-PA-10001712,Office Supplies,Paper,Xerox 1948,39.96,4,0,17.982
7861,CA-2017-152261,3/2/2017,3/6/2017,Standard Class,JA-15970,Joseph Airdo,Consumer,United States,Cuyahoga Falls,Ohio,44221,East,OFF-BI-10002353,Office Supplies,Binders,GBC VeloBind Cover Sets,18.528,4,0.7,-12.352
7862,CA-2015-142993,10/12/2015,10/17/2015,Standard Class,KA-16525,Kelly Andreada,Consumer,United States,Seattle,Washington,98103,West,TEC-AC-10003038,Technology,Accessories,Kingston Digital DataTraveler 16GB USB 2.0,17.9,2,0,3.401
7863,CA-2015-142993,10/12/2015,10/17/2015,Standard Class,KA-16525,Kelly Andreada,Consumer,United States,Seattle,Washington,98103,West,OFF-ST-10000934,Office Supplies,Storage,"Contico 72""H Heavy-Duty Storage System",81.96,2,0,0
7864,CA-2015-143364,7/14/2015,7/19/2015,Second Class,TG-21310,Toby Gnade,Consumer,United States,Mesa,Arizona,85204,West,OFF-ST-10002743,Office Supplies,Storage,SAFCO Boltless Steel Shelving,272.736,3,0.2,-64.7748
7865,CA-2015-143364,7/14/2015,7/19/2015,Second Class,TG-21310,Toby Gnade,Consumer,United States,Mesa,Arizona,85204,West,OFF-PA-10001846,Office Supplies,Paper,Xerox 1899,18.496,4,0.2,6.7048
7866,CA-2015-143364,7/14/2015,7/19/2015,Second Class,TG-21310,Toby Gnade,Consumer,United States,Mesa,Arizona,85204,West,FUR-CH-10004287,Furniture,Chairs,SAFCO Arco Folding Chair,441.92,2,0.2,49.716
7867,CA-2015-143364,7/14/2015,7/19/2015,Second Class,TG-21310,Toby Gnade,Consumer,United States,Mesa,Arizona,85204,West,FUR-BO-10001608,Furniture,Bookcases,"Hon Metal Bookcases, Black",127.764,6,0.7,-191.646
7868,CA-2014-100972,11/19/2014,11/24/2014,Second Class,DB-13360,Dennis Bolton,Home Office,United States,Salt Lake City,Utah,84106,West,OFF-PA-10000357,Office Supplies,Paper,Xerox 1888,166.44,3,0,79.8912
7869,CA-2016-136994,5/27/2016,6/2/2016,Standard Class,LS-17245,Lynn Smith,Consumer,United States,Los Angeles,California,90045,West,OFF-PA-10000575,Office Supplies,Paper,"Wirebound Message Books, Four 2 3/4 x 5 White Forms per Page",13.38,2,0,6.1548
7870,US-2017-166233,7/3/2017,7/9/2017,Standard Class,MO-17950,Michael Oakman,Consumer,United States,Jacksonville,North Carolina,28540,South,TEC-AC-10002167,Technology,Accessories,Imation 8gb Micro Traveldrive Usb 2.0 Flash Drive,24,2,0.2,-2.7
7871,CA-2017-122112,9/25/2017,9/29/2017,Standard Class,CA-11965,Carol Adams,Corporate,United States,Lakewood,Ohio,44107,East,OFF-EN-10004459,Office Supplies,Envelopes,Security-Tint Envelopes,24.448,4,0.2,8.8624
7872,CA-2016-101672,10/3/2016,10/7/2016,Standard Class,DB-12910,Daniel Byrd,Home Office,United States,Lake Forest,California,92630,West,OFF-LA-10002271,Office Supplies,Labels,Smead Alpha-Z Color-Coded Second Alphabetical Labels and Starter Set,6.16,2,0,2.9568
7873,CA-2016-101672,10/3/2016,10/7/2016,Standard Class,DB-12910,Daniel Byrd,Home Office,United States,Lake Forest,California,92630,West,FUR-CH-10004063,Furniture,Chairs,Global Deluxe High-Back Manager's Chair,915.136,4,0.2,102.9528
7874,CA-2016-101672,10/3/2016,10/7/2016,Standard Class,DB-12910,Daniel Byrd,Home Office,United States,Lake Forest,California,92630,West,OFF-PA-10004610,Office Supplies,Paper,Xerox 1900,8.56,2,0,3.852
7875,CA-2016-101672,10/3/2016,10/7/2016,Standard Class,DB-12910,Daniel Byrd,Home Office,United States,Lake Forest,California,92630,West,OFF-PA-10001878,Office Supplies,Paper,Xerox 1891,97.82,2,0,45.9754
7876,CA-2017-168403,9/9/2017,9/15/2017,Standard Class,DK-12835,Damala Kotsonis,Corporate,United States,Portland,Oregon,97206,West,OFF-PA-10002036,Office Supplies,Paper,Xerox 1930,31.104,6,0.2,11.2752
7877,CA-2017-168403,9/9/2017,9/15/2017,Standard Class,DK-12835,Damala Kotsonis,Corporate,United States,Portland,Oregon,97206,West,OFF-AP-10003278,Office Supplies,Appliances,Belkin 7-Outlet SurgeMaster Home Series,11.176,1,0.2,0.8382
7878,CA-2015-148705,3/12/2015,3/18/2015,Standard Class,EB-14170,Evan Bailliet,Consumer,United States,Charlotte,North Carolina,28205,South,OFF-LA-10001641,Office Supplies,Labels,Avery 518,5.04,2,0.2,1.764
7879,CA-2016-160241,11/29/2016,12/4/2016,Second Class,DR-12940,Daniel Raglin,Home Office,United States,Aurora,Illinois,60505,Central,FUR-FU-10003806,Furniture,Furnishings,"Tenex Chairmat w/ Average Lip, 45"" x 53""",242.176,4,0.6,-302.72
7880,CA-2016-155747,6/14/2016,6/21/2016,Standard Class,JS-15685,Jim Sink,Corporate,United States,Philadelphia,Pennsylvania,19140,East,FUR-TA-10003392,Furniture,Tables,Global Adaptabilities Conference Tables,337.176,2,0.4,-118.0116
7881,CA-2017-118017,12/3/2017,12/6/2017,Second Class,LC-16870,Lena Cacioppo,Consumer,United States,Thornton,Colorado,80229,West,OFF-AR-10003856,Office Supplies,Art,Newell 344,13.344,6,0.2,1.0008
7882,CA-2017-118017,12/3/2017,12/6/2017,Second Class,LC-16870,Lena Cacioppo,Consumer,United States,Thornton,Colorado,80229,West,TEC-AC-10002006,Technology,Accessories,Memorex Micro Travel Drive 16 GB,76.752,6,0.2,10.5534
7883,CA-2017-118017,12/3/2017,12/6/2017,Second Class,LC-16870,Lena Cacioppo,Consumer,United States,Thornton,Colorado,80229,West,TEC-AC-10002006,Technology,Accessories,Memorex Micro Travel Drive 16 GB,102.336,8,0.2,14.0712
7884,CA-2017-118017,12/3/2017,12/6/2017,Second Class,LC-16870,Lena Cacioppo,Consumer,United States,Thornton,Colorado,80229,West,OFF-PA-10002246,Office Supplies,Paper,"Wirebound Four 2-3/4 x 5 Forms per Page, 400 Sets per Book",10.32,2,0.2,3.741
7885,CA-2017-118017,12/3/2017,12/6/2017,Second Class,LC-16870,Lena Cacioppo,Consumer,United States,Thornton,Colorado,80229,West,OFF-SU-10004782,Office Supplies,Supplies,"Elite 5"" Scissors",47.32,7,0.2,5.915
7886,CA-2017-118017,12/3/2017,12/6/2017,Second Class,LC-16870,Lena Cacioppo,Consumer,United States,Thornton,Colorado,80229,West,FUR-FU-10004351,Furniture,Furnishings,Staple-based wall hangings,23.376,3,0.2,7.0128
7887,CA-2017-118017,12/3/2017,12/6/2017,Second Class,LC-16870,Lena Cacioppo,Consumer,United States,Thornton,Colorado,80229,West,FUR-FU-10004270,Furniture,Furnishings,"Eldon Image Series Desk Accessories, Burgundy",16.72,5,0.2,3.344
7888,CA-2017-118017,12/3/2017,12/6/2017,Second Class,LC-16870,Lena Cacioppo,Consumer,United States,Thornton,Colorado,80229,West,FUR-FU-10004053,Furniture,Furnishings,DAX Two-Tone Silver Metal Document Frame,16.192,1,0.2,4.6552
7889,CA-2016-113117,8/16/2016,8/22/2016,Standard Class,JP-15520,Jeremy Pistek,Consumer,United States,Davis,California,95616,West,OFF-PA-10000019,Office Supplies,Paper,Xerox 1931,32.4,5,0,15.552
7890,CA-2016-148684,12/25/2016,12/29/2016,Standard Class,TS-21655,Trudy Schmidt,Consumer,United States,Fayetteville,Arkansas,72701,South,OFF-AR-10003811,Office Supplies,Art,Newell 327,19.89,9,0,5.3703
7891,CA-2016-148684,12/25/2016,12/29/2016,Standard Class,TS-21655,Trudy Schmidt,Consumer,United States,Fayetteville,Arkansas,72701,South,TEC-AC-10001838,Technology,Accessories,Razer Tiamat Over Ear 7.1 Surround Sound PC Gaming Headset,399.98,2,0,171.9914
7892,CA-2016-148684,12/25/2016,12/29/2016,Standard Class,TS-21655,Trudy Schmidt,Consumer,United States,Fayetteville,Arkansas,72701,South,FUR-FU-10003553,Furniture,Furnishings,"Howard Miller 13-1/2"" Diameter Rosebrook Wall Clock",343.85,5,0,137.54
7893,CA-2016-148684,12/25/2016,12/29/2016,Standard Class,TS-21655,Trudy Schmidt,Consumer,United States,Fayetteville,Arkansas,72701,South,OFF-PA-10003302,Office Supplies,Paper,Xerox 1906,106.32,3,0,49.9704
7894,CA-2017-125367,7/23/2017,7/30/2017,Standard Class,NM-18445,Nathan Mautz,Home Office,United States,New York City,New York,10011,East,OFF-BI-10002412,Office Supplies,Binders,Wilson Jones “Snap” Scratch Pad Binder Tool for Ring Binders,13.92,3,0.2,4.35
7895,CA-2017-124744,6/21/2017,6/25/2017,Standard Class,EH-14125,Eugene Hildebrand,Home Office,United States,Wheeling,West Virginia,26003,East,OFF-BI-10002852,Office Supplies,Binders,Ibico Standard Transparent Covers,82.4,5,0,40.376
7896,CA-2017-124744,6/21/2017,6/25/2017,Standard Class,EH-14125,Eugene Hildebrand,Home Office,United States,Wheeling,West Virginia,26003,East,OFF-BI-10000145,Office Supplies,Binders,Zipper Ring Binder Pockets,6.24,2,0,3.0576
7897,CA-2017-124744,6/21/2017,6/25/2017,Standard Class,EH-14125,Eugene Hildebrand,Home Office,United States,Wheeling,West Virginia,26003,East,OFF-PA-10001970,Office Supplies,Paper,Xerox 1908,447.84,8,0,219.4416
7898,CA-2017-128363,8/13/2017,8/18/2017,Standard Class,DC-12850,Dan Campbell,Consumer,United States,Memphis,Tennessee,38109,South,OFF-AP-10001563,Office Supplies,Appliances,Belkin Premiere Surge Master II 8-outlet surge protector,272.048,7,0.2,30.6054
7899,CA-2017-128363,8/13/2017,8/18/2017,Standard Class,DC-12850,Dan Campbell,Consumer,United States,Memphis,Tennessee,38109,South,OFF-BI-10001359,Office Supplies,Binders,GBC DocuBind TL300 Electric Binding System,1614.582,6,0.7,-1237.8462
7900,CA-2017-128363,8/13/2017,8/18/2017,Standard Class,DC-12850,Dan Campbell,Consumer,United States,Memphis,Tennessee,38109,South,OFF-FA-10003495,Office Supplies,Fasteners,Staples,24.32,5,0.2,9.12
7901,CA-2017-128363,8/13/2017,8/18/2017,Standard Class,DC-12850,Dan Campbell,Consumer,United States,Memphis,Tennessee,38109,South,TEC-AC-10003709,Technology,Accessories,Maxell 4.7GB DVD-R 5/Pack,1.584,2,0.2,0.4752
7902,CA-2017-128363,8/13/2017,8/18/2017,Standard Class,DC-12850,Dan Campbell,Consumer,United States,Memphis,Tennessee,38109,South,FUR-FU-10003268,Furniture,Furnishings,Eldon Radial Chair Mat for Low to Medium Pile Carpets,31.984,1,0.2,0
7903,CA-2017-128363,8/13/2017,8/18/2017,Standard Class,DC-12850,Dan Campbell,Consumer,United States,Memphis,Tennessee,38109,South,OFF-EN-10003845,Office Supplies,Envelopes,Colored Envelopes,14.76,5,0.2,4.797
7904,CA-2017-128363,8/13/2017,8/18/2017,Standard Class,DC-12850,Dan Campbell,Consumer,United States,Memphis,Tennessee,38109,South,FUR-CH-10002073,Furniture,Chairs,Hon Olson Stacker Chairs,423.648,2,0.2,47.6604
7905,CA-2015-126669,11/7/2015,11/13/2015,Standard Class,DO-13645,Doug O'Connell,Consumer,United States,Houston,Texas,77036,Central,OFF-PA-10001357,Office Supplies,Paper,Xerox 1886,76.64,2,0.2,26.824
7906,US-2015-118766,10/15/2015,10/22/2015,Standard Class,LS-16975,Lindsay Shagiari,Home Office,United States,Dallas,Texas,75217,Central,OFF-EN-10001415,Office Supplies,Envelopes,Staple envelope,4.464,1,0.2,1.674
7907,US-2015-118766,10/15/2015,10/22/2015,Standard Class,LS-16975,Lindsay Shagiari,Home Office,United States,Dallas,Texas,75217,Central,OFF-BI-10002813,Office Supplies,Binders,Avery Reinforcements for Hole-Punch Pages,3.96,10,0.8,-6.93
7908,CA-2016-112585,7/30/2016,8/2/2016,First Class,RW-19630,Rob Williams,Corporate,United States,San Francisco,California,94122,West,OFF-AP-10003849,Office Supplies,Appliances,Hoover Shoulder Vac Commercial Portable Vacuum,715.64,2,0,178.91
7909,CA-2016-149762,12/3/2016,12/7/2016,Standard Class,RD-19720,Roger Demir,Consumer,United States,Morgan Hill,California,95037,West,FUR-TA-10004147,Furniture,Tables,Hon 4060 Series Tables,268.704,3,0.2,6.7176
7910,CA-2016-149762,12/3/2016,12/7/2016,Standard Class,RD-19720,Roger Demir,Consumer,United States,Morgan Hill,California,95037,West,OFF-AR-10001662,Office Supplies,Art,Rogers Handheld Barrel Pencil Sharpener,21.92,8,0,5.9184
7911,CA-2016-149762,12/3/2016,12/7/2016,Standard Class,RD-19720,Roger Demir,Consumer,United States,Morgan Hill,California,95037,West,OFF-ST-10001558,Office Supplies,Storage,Acco Perma 4000 Stacking Storage Drawers,48.72,3,0,7.308
7912,CA-2016-149762,12/3/2016,12/7/2016,Standard Class,RD-19720,Roger Demir,Consumer,United States,Morgan Hill,California,95037,West,FUR-BO-10001337,Furniture,Bookcases,O'Sullivan Living Dimensions 2-Shelf Bookcases,205.666,2,0.15,-12.098
7913,CA-2016-167605,4/28/2016,4/30/2016,Second Class,RB-19570,Rob Beeghly,Consumer,United States,Saint Charles,Illinois,60174,Central,FUR-FU-10001602,Furniture,Furnishings,"Eldon Delta Triangular Chair Mat, 52"" x 58"", Clear",30.344,2,0.6,-31.8612
7914,US-2017-105697,8/25/2017,8/27/2017,First Class,JE-15715,Joe Elijah,Consumer,United States,Cleveland,Ohio,44105,East,OFF-ST-10003996,Office Supplies,Storage,"Letter/Legal File Tote with Clear Snap-On Lid, Black Granite",25.696,2,0.2,1.9272
7915,CA-2017-165323,6/17/2017,6/21/2017,Standard Class,SR-20740,Steven Roelle,Home Office,United States,New York City,New York,10024,East,TEC-MA-10003673,Technology,Machines,Hewlett-Packard Desktjet 6988DT Refurbished Printer,3404.5,5,0,1668.205
7916,CA-2017-165323,6/17/2017,6/21/2017,Standard Class,SR-20740,Steven Roelle,Home Office,United States,New York City,New York,10024,East,TEC-AC-10004992,Technology,Accessories,Kingston Digital DataTraveler 64GB USB 2.0,101.34,3,0,8.1072
7917,CA-2015-110891,11/20/2015,11/24/2015,Standard Class,PO-19195,Phillina Ober,Home Office,United States,Philadelphia,Pennsylvania,19140,East,FUR-CH-10002880,Furniture,Chairs,"Global High-Back Leather Tilter, Burgundy",344.372,4,0.3,-93.4724
7918,CA-2017-100783,9/4/2017,9/8/2017,Second Class,JK-16120,Julie Kriz,Home Office,United States,Garland,Texas,75043,Central,OFF-AR-10000380,Office Supplies,Art,"Hunt PowerHouse Electric Pencil Sharpener, Blue",30.384,1,0.2,3.798
7919,CA-2015-152513,7/4/2015,7/8/2015,Second Class,JP-16135,Julie Prescott,Home Office,United States,San Diego,California,92024,West,OFF-BI-10002706,Office Supplies,Binders,Avery Premier Heavy-Duty Binder with Round Locking Rings,22.848,2,0.2,7.4256
7920,CA-2017-139822,9/15/2017,9/21/2017,Standard Class,Dp-13240,Dean percer,Home Office,United States,Waterbury,Connecticut,6708,East,OFF-ST-10000943,Office Supplies,Storage,Eldon ProFile File 'N Store Portable File Tub Letter/Legal Size Black,38.62,2,0,10.8136
7921,CA-2017-139822,9/15/2017,9/21/2017,Standard Class,Dp-13240,Dean percer,Home Office,United States,Waterbury,Connecticut,6708,East,TEC-AC-10001090,Technology,Accessories,Micro Innovations Wireless Classic Keyboard with Mouse,59.98,2,0,10.7964
7922,CA-2017-107713,3/13/2017,3/17/2017,Standard Class,JB-16000,Joy Bell-,Consumer,United States,Columbia,Maryland,21044,East,OFF-BI-10002026,Office Supplies,Binders,Avery Arch Ring Binders,174.3,3,0,81.921
7923,CA-2017-134096,9/24/2017,9/29/2017,Standard Class,PP-18955,Paul Prost,Home Office,United States,Hollywood,Florida,33021,South,TEC-PH-10000526,Technology,Phones,Vtech CS6719,383.96,5,0.2,38.396
7924,CA-2017-134096,9/24/2017,9/29/2017,Standard Class,PP-18955,Paul Prost,Home Office,United States,Hollywood,Florida,33021,South,OFF-BI-10004002,Office Supplies,Binders,Wilson Jones International Size A4 Ring Binders,15.57,3,0.7,-11.418
7925,CA-2016-125843,8/13/2016,8/16/2016,First Class,RF-19840,Roy Französisch,Consumer,United States,Springfield,Virginia,22153,South,OFF-BI-10002309,Office Supplies,Binders,Avery Heavy-Duty EZD  Binder With Locking Rings,22.32,4,0,10.7136
7926,CA-2016-125843,8/13/2016,8/16/2016,First Class,RF-19840,Roy Französisch,Consumer,United States,Springfield,Virginia,22153,South,OFF-LA-10003923,Office Supplies,Labels,Alphabetical Labels for Top Tab Filing,103.6,7,0,51.8
7927,CA-2017-120404,11/20/2017,11/24/2017,Second Class,KH-16330,Katharine Harms,Corporate,United States,New York City,New York,10035,East,TEC-AC-10003433,Technology,Accessories,Maxell 4.7GB DVD+R 5/Pack,2.97,3,0,1.3365
7928,CA-2017-120404,11/20/2017,11/24/2017,Second Class,KH-16330,Katharine Harms,Corporate,United States,New York City,New York,10035,East,TEC-PH-10001363,Technology,Phones,Apple iPhone 5S,569.99,1,0,170.997
7929,CA-2017-120404,11/20/2017,11/24/2017,Second Class,KH-16330,Katharine Harms,Corporate,United States,New York City,New York,10035,East,FUR-FU-10000820,Furniture,Furnishings,Tensor Brushed Steel Torchiere Floor Lamp,50.97,3,0,9.1746
7930,CA-2017-167549,7/25/2017,7/27/2017,First Class,EM-14200,Evan Minnotte,Home Office,United States,Dallas,Texas,75217,Central,FUR-TA-10004767,Furniture,Tables,Safco Drafting Table,298.116,6,0.3,-4.2588
7931,CA-2016-120082,3/25/2016,3/27/2016,Second Class,DK-12835,Damala Kotsonis,Corporate,United States,New York City,New York,10024,East,OFF-AR-10001955,Office Supplies,Art,Newell 319,59.52,3,0,17.856
7932,US-2016-168095,7/15/2016,7/20/2016,Standard Class,MC-17425,Mark Cousins,Corporate,United States,Portland,Oregon,97206,West,FUR-CH-10004886,Furniture,Chairs,Bevis Steel Folding Chairs,230.28,3,0.2,23.028
7933,US-2016-168095,7/15/2016,7/20/2016,Standard Class,MC-17425,Mark Cousins,Corporate,United States,Portland,Oregon,97206,West,OFF-PA-10003641,Office Supplies,Paper,Xerox 1909,105.52,5,0.2,34.294
7934,CA-2017-166093,8/17/2017,8/24/2017,Standard Class,RW-19540,Rick Wilson,Corporate,United States,Brentwood,California,94513,West,OFF-EN-10003134,Office Supplies,Envelopes,Staple envelope,23.36,2,0,11.68
7935,CA-2017-166093,8/17/2017,8/24/2017,Standard Class,RW-19540,Rick Wilson,Corporate,United States,Brentwood,California,94513,West,TEC-PH-10002564,Technology,Phones,OtterBox Defender Series Case - Samsung Galaxy S4,71.976,3,0.2,8.997
7936,CA-2017-166093,8/17/2017,8/24/2017,Standard Class,RW-19540,Rick Wilson,Corporate,United States,Brentwood,California,94513,West,OFF-PA-10003893,Office Supplies,Paper,Xerox 1962,8.56,2,0,3.852
7937,CA-2017-166093,8/17/2017,8/24/2017,Standard Class,RW-19540,Rick Wilson,Corporate,United States,Brentwood,California,94513,West,OFF-BI-10000174,Office Supplies,Binders,"Wilson Jones Clip & Carry Folder Binder Tool for Ring Binders, Clear",13.92,3,0.2,4.872
7938,CA-2017-166093,8/17/2017,8/24/2017,Standard Class,RW-19540,Rick Wilson,Corporate,United States,Brentwood,California,94513,West,OFF-AP-10001058,Office Supplies,Appliances,Sanyo 2.5 Cubic Foot Mid-Size Office Refrigerators,2518.29,9,0,654.7554
7939,CA-2017-166093,8/17/2017,8/24/2017,Standard Class,RW-19540,Rick Wilson,Corporate,United States,Brentwood,California,94513,West,OFF-ST-10001496,Office Supplies,Storage,Standard Rollaway File with Lock,540.57,3,0,140.5482
7940,CA-2017-166093,8/17/2017,8/24/2017,Standard Class,RW-19540,Rick Wilson,Corporate,United States,Brentwood,California,94513,West,OFF-BI-10004230,Office Supplies,Binders,GBC Recycled Grain Textured Covers,221.056,8,0.2,77.3696
7941,CA-2016-146325,12/14/2016,12/17/2016,First Class,DS-13180,David Smith,Corporate,United States,San Diego,California,92037,West,FUR-CH-10001146,Furniture,Chairs,"Global Task Chair, Black",81.424,2,0.2,-9.1602
7942,CA-2016-146325,12/14/2016,12/17/2016,First Class,DS-13180,David Smith,Corporate,United States,San Diego,California,92037,West,OFF-ST-10001590,Office Supplies,Storage,"Tenex Personal Project File with Scoop Front Design, Black",134.8,10,0,35.048
7943,CA-2017-134194,12/25/2017,1/1/2018,Standard Class,GA-14725,Guy Armstrong,Consumer,United States,Dallas,Texas,75081,Central,OFF-BI-10003684,Office Supplies,Binders,Wilson Jones Legal Size Ring Binders,39.582,9,0.8,-59.373
7944,CA-2017-134194,12/25/2017,1/1/2018,Standard Class,GA-14725,Guy Armstrong,Consumer,United States,Dallas,Texas,75081,Central,OFF-SU-10000946,Office Supplies,Supplies,Staple remover,44.688,7,0.2,5.0274
7945,CA-2017-134194,12/25/2017,1/1/2018,Standard Class,GA-14725,Guy Armstrong,Consumer,United States,Dallas,Texas,75081,Central,OFF-AR-10001615,Office Supplies,Art,Newell 34,31.744,2,0.2,2.3808
7946,CA-2017-134194,12/25/2017,1/1/2018,Standard Class,GA-14725,Guy Armstrong,Consumer,United States,Dallas,Texas,75081,Central,OFF-BI-10001597,Office Supplies,Binders,"Wilson Jones Ledger-Size, Piano-Hinge Binder, 2"", Blue",40.98,5,0.8,-65.568
7947,CA-2017-134194,12/25/2017,1/1/2018,Standard Class,GA-14725,Guy Armstrong,Consumer,United States,Dallas,Texas,75081,Central,OFF-BI-10001116,Office Supplies,Binders,"Wilson Jones 1"" Hanging DublLock Ring Binders",3.168,3,0.8,-5.0688
7948,CA-2014-131009,3/1/2014,3/5/2014,Standard Class,SC-20380,Shahid Collister,Consumer,United States,El Paso,Texas,79907,Central,OFF-FA-10004395,Office Supplies,Fasteners,Plymouth Boxed Rubber Bands by Plymouth,18.84,5,0.2,-3.5325
7949,CA-2014-131009,3/1/2014,3/5/2014,Standard Class,SC-20380,Shahid Collister,Consumer,United States,El Paso,Texas,79907,Central,FUR-CH-10001270,Furniture,Chairs,Harbour Creations Steel Folding Chair,362.25,6,0.3,0
7950,CA-2014-131009,3/1/2014,3/5/2014,Standard Class,SC-20380,Shahid Collister,Consumer,United States,El Paso,Texas,79907,Central,FUR-FU-10001095,Furniture,Furnishings,DAX Black Cherry Wood-Tone Poster Frame,63.552,6,0.6,-34.9536
7951,CA-2014-131009,3/1/2014,3/5/2014,Standard Class,SC-20380,Shahid Collister,Consumer,United States,El Paso,Texas,79907,Central,OFF-ST-10001469,Office Supplies,Storage,Fellowes Bankers Box Recycled Super Stor/Drawer,129.552,3,0.2,-22.6716
7952,CA-2015-145814,11/19/2015,11/24/2015,Standard Class,KD-16345,Katherine Ducich,Consumer,United States,New York City,New York,10035,East,OFF-BI-10003196,Office Supplies,Binders,Accohide Poly Flexible Ring Binders,5.984,2,0.2,2.244
7953,CA-2015-145814,11/19/2015,11/24/2015,Standard Class,KD-16345,Katherine Ducich,Consumer,United States,New York City,New York,10035,East,TEC-PH-10002200,Technology,Phones,Aastra 6757i CT Wireless VoIP phone,861.76,4,0,249.9104
7954,CA-2014-138359,4/1/2014,4/6/2014,Standard Class,KH-16330,Katharine Harms,Corporate,United States,Revere,Massachusetts,2151,East,OFF-ST-10000636,Office Supplies,Storage,Rogers Profile Extra Capacity Storage Tub,66.96,4,0,2.6784
7955,CA-2014-138359,4/1/2014,4/6/2014,Standard Class,KH-16330,Katharine Harms,Corporate,United States,Revere,Massachusetts,2151,East,OFF-BI-10000145,Office Supplies,Binders,Zipper Ring Binder Pockets,6.24,2,0,3.0576
7956,CA-2017-131807,10/5/2017,10/10/2017,Standard Class,GG-14650,Greg Guthrie,Corporate,United States,Chico,California,95928,West,FUR-CH-10001190,Furniture,Chairs,Global Deluxe High-Back Office Chair in Storm,435.168,4,0.2,-59.8356
7957,CA-2017-131807,10/5/2017,10/10/2017,Standard Class,GG-14650,Greg Guthrie,Corporate,United States,Chico,California,95928,West,OFF-FA-10002780,Office Supplies,Fasteners,Staples,14.9,5,0,6.854
7958,CA-2017-131807,10/5/2017,10/10/2017,Standard Class,GG-14650,Greg Guthrie,Corporate,United States,Chico,California,95928,West,OFF-AP-10004052,Office Supplies,Appliances,"Hoover Replacement Belts For Soft Guard & Commercial Ltweight Upright Vacs, 2/Pk",15.8,4,0,4.108
7959,CA-2017-131807,10/5/2017,10/10/2017,Standard Class,GG-14650,Greg Guthrie,Corporate,United States,Chico,California,95928,West,FUR-FU-10004666,Furniture,Furnishings,DAX Clear Channel Poster Frame,72.9,5,0,26.973
7960,CA-2017-131807,10/5/2017,10/10/2017,Standard Class,GG-14650,Greg Guthrie,Corporate,United States,Chico,California,95928,West,FUR-TA-10004086,Furniture,Tables,KI Adjustable-Height Table,206.352,3,0.2,5.1588
7961,CA-2017-131807,10/5/2017,10/10/2017,Standard Class,GG-14650,Greg Guthrie,Corporate,United States,Chico,California,95928,West,TEC-PH-10000702,Technology,Phones,"Square Credit Card Reader, 4 1/2"" x 4 1/2"" x 1"", White",7.992,1,0.2,2.6973
7962,CA-2017-104864,11/18/2017,11/23/2017,Second Class,JS-15685,Jim Sink,Corporate,United States,Miramar,Florida,33023,South,OFF-ST-10002301,Office Supplies,Storage,Tennsco Commercial Shelving,81.36,5,0.2,-19.323
7963,CA-2017-104864,11/18/2017,11/23/2017,Second Class,JS-15685,Jim Sink,Corporate,United States,Miramar,Florida,33023,South,OFF-BI-10001636,Office Supplies,Binders,Ibico Plastic and Wire Spiral Binding Combs,20.232,8,0.7,-16.1856
7964,CA-2017-104864,11/18/2017,11/23/2017,Second Class,JS-15685,Jim Sink,Corporate,United States,Miramar,Florida,33023,South,OFF-AP-10002684,Office Supplies,Appliances,"Acco 7-Outlet Masterpiece Power Center, Wihtout Fax/Phone Line Protection",389.056,4,0.2,48.632
7965,CA-2017-104864,11/18/2017,11/23/2017,Second Class,JS-15685,Jim Sink,Corporate,United States,Miramar,Florida,33023,South,OFF-PA-10004609,Office Supplies,Paper,Xerox 221,20.736,4,0.2,7.2576
7966,CA-2017-104864,11/18/2017,11/23/2017,Second Class,JS-15685,Jim Sink,Corporate,United States,Miramar,Florida,33023,South,OFF-PA-10003309,Office Supplies,Paper,Xerox 211,41.472,8,0.2,14.5152
7967,CA-2015-138219,3/23/2015,3/30/2015,Standard Class,BP-11095,Bart Pistole,Corporate,United States,Los Angeles,California,90049,West,OFF-PA-10000380,Office Supplies,Paper,"REDIFORM Incoming/Outgoing Call Register, 11"" X 8 1/2"", 100 Messages",33.36,4,0,16.68
7968,CA-2016-157707,10/10/2016,10/12/2016,First Class,CC-12610,Corey Catlett,Corporate,United States,Denver,Colorado,80219,West,FUR-BO-10001567,Furniture,Bookcases,"Bush Westfield Collection Bookcases, Dark Cherry Finish, Fully Assembled",90.882,3,0.7,-190.8522
7969,CA-2016-157707,10/10/2016,10/12/2016,First Class,CC-12610,Corey Catlett,Corporate,United States,Denver,Colorado,80219,West,TEC-PH-10002583,Technology,Phones,iOttie HLCRIO102 Car Mount,15.992,1,0.2,-2.9985
7970,CA-2016-157707,10/10/2016,10/12/2016,First Class,CC-12610,Corey Catlett,Corporate,United States,Denver,Colorado,80219,West,FUR-CH-10004853,Furniture,Chairs,"Global Manager's Adjustable Task Chair, Storm",120.784,1,0.2,13.5882
7971,US-2015-126753,8/16/2015,8/20/2015,Standard Class,SP-20860,Sung Pak,Corporate,United States,Philadelphia,Pennsylvania,19134,East,TEC-PH-10003580,Technology,Phones,Cisco IP Phone 7961G-GE VoIP phone,519.792,4,0.4,-112.6216
7972,US-2015-126753,8/16/2015,8/20/2015,Standard Class,SP-20860,Sung Pak,Corporate,United States,Philadelphia,Pennsylvania,19134,East,TEC-AC-10004227,Technology,Accessories,SanDisk Ultra 16 GB MicroSDHC Class 10 Memory Card,31.176,3,0.2,-5.4558
7973,US-2015-126753,8/16/2015,8/20/2015,Standard Class,SP-20860,Sung Pak,Corporate,United States,Philadelphia,Pennsylvania,19134,East,OFF-PA-10002787,Office Supplies,Paper,Xerox 227,10.368,2,0.2,3.6288
7974,US-2015-126753,8/16/2015,8/20/2015,Standard Class,SP-20860,Sung Pak,Corporate,United States,Philadelphia,Pennsylvania,19134,East,OFF-BI-10003981,Office Supplies,Binders,"Avery Durable Plastic 1"" Binders",2.724,2,0.7,-1.9068
7975,US-2015-126753,8/16/2015,8/20/2015,Standard Class,SP-20860,Sung Pak,Corporate,United States,Philadelphia,Pennsylvania,19134,East,FUR-FU-10001488,Furniture,Furnishings,"Tenex 46"" x 60"" Computer Anti-Static Chairmat, Rectangular Shaped",254.352,3,0.2,0
7976,US-2015-126753,8/16/2015,8/20/2015,Standard Class,SP-20860,Sung Pak,Corporate,United States,Philadelphia,Pennsylvania,19134,East,OFF-BI-10003727,Office Supplies,Binders,Avery Durable Slant Ring Binders With Label Holder,3.762,3,0.7,-2.7588
7977,US-2015-126753,8/16/2015,8/20/2015,Standard Class,SP-20860,Sung Pak,Corporate,United States,Philadelphia,Pennsylvania,19134,East,OFF-PA-10000130,Office Supplies,Paper,Xerox 199,10.272,3,0.2,3.21
7978,CA-2014-166051,5/31/2014,6/5/2014,Standard Class,JK-15625,Jim Karlsson,Consumer,United States,Jackson,Mississippi,39212,South,TEC-PH-10002680,Technology,Phones,Samsung Galaxy Note 3,659.97,3,0,197.991
7979,CA-2014-166051,5/31/2014,6/5/2014,Standard Class,JK-15625,Jim Karlsson,Consumer,United States,Jackson,Mississippi,39212,South,TEC-PH-10002538,Technology,Phones,Grandstream GXP1160 VoIP phone,113.73,3,0,32.9817
7980,CA-2015-113040,8/27/2015,8/31/2015,Standard Class,CC-12100,Chad Cunningham,Home Office,United States,Los Angeles,California,90045,West,OFF-BI-10001249,Office Supplies,Binders,Avery Heavy-Duty EZD View Binder with Locking Rings,5.104,1,0.2,1.6588
7981,CA-2014-103800,1/3/2014,1/7/2014,Standard Class,DP-13000,Darren Powers,Consumer,United States,Houston,Texas,77095,Central,OFF-PA-10000174,Office Supplies,Paper,"Message Book, Wirebound, Four 5 1/2"" X 4"" Forms/Pg., 200 Dupl. Sets/Book",16.448,2,0.2,5.5512
7982,CA-2014-113383,9/10/2014,9/13/2014,First Class,SF-20065,Sandra Flanagan,Consumer,United States,Clifton,New Jersey,7011,East,OFF-AP-10004532,Office Supplies,Appliances,Kensington 6 Outlet Guardian Standard Surge Protector,81.92,4,0,22.1184
7983,CA-2014-113383,9/10/2014,9/13/2014,First Class,SF-20065,Sandra Flanagan,Consumer,United States,Clifton,New Jersey,7011,East,FUR-FU-10001986,Furniture,Furnishings,"Dana Fluorescent Magnifying Lamp, White, 36""",254.9,5,0,76.47
7984,CA-2017-152499,1/22/2017,1/25/2017,Second Class,EH-13765,Edward Hooks,Corporate,United States,Chicago,Illinois,60623,Central,OFF-FA-10002975,Office Supplies,Fasteners,Staples,15.12,5,0.2,4.914
7985,CA-2017-152499,1/22/2017,1/25/2017,Second Class,EH-13765,Edward Hooks,Corporate,United States,Chicago,Illinois,60623,Central,OFF-AR-10003481,Office Supplies,Art,Newell 348,7.872,3,0.2,0.8856
7986,CA-2016-151498,4/21/2016,4/24/2016,First Class,DN-13690,Duane Noonan,Consumer,United States,Seattle,Washington,98115,West,OFF-BI-10004967,Office Supplies,Binders,Round Ring Binders,8.32,5,0.2,2.808
7987,CA-2016-137939,7/20/2016,7/23/2016,Second Class,PJ-19015,Pauline Johnson,Consumer,United States,Long Beach,New York,11561,East,TEC-PH-10003589,Technology,Phones,invisibleSHIELD by ZAGG Smudge-Free Screen Protector,89.95,5,0,43.176
7988,US-2016-117793,8/23/2016,8/29/2016,Standard Class,MA-17560,Matt Abelman,Home Office,United States,Sheboygan,Wisconsin,53081,Central,OFF-LA-10002945,Office Supplies,Labels,"Permanent Self-Adhesive File Folder Labels for Typewriters, 1 1/8 x 3 1/2, White",25.2,4,0,11.592
7989,US-2016-117793,8/23/2016,8/29/2016,Standard Class,MA-17560,Matt Abelman,Home Office,United States,Sheboygan,Wisconsin,53081,Central,OFF-LA-10003537,Office Supplies,Labels,Avery 515,37.59,3,0,17.6673
7990,US-2016-117793,8/23/2016,8/29/2016,Standard Class,MA-17560,Matt Abelman,Home Office,United States,Sheboygan,Wisconsin,53081,Central,OFF-ST-10002406,Office Supplies,Storage,Pizazz Global Quick File,14.97,1,0,4.1916
7991,US-2016-117793,8/23/2016,8/29/2016,Standard Class,MA-17560,Matt Abelman,Home Office,United States,Sheboygan,Wisconsin,53081,Central,TEC-AC-10003433,Technology,Accessories,Maxell 4.7GB DVD+R 5/Pack,1.98,2,0,0.891
7992,CA-2016-133872,6/14/2016,6/17/2016,First Class,VM-21835,Vivian Mathis,Consumer,United States,Boca Raton,Florida,33433,South,OFF-BI-10002082,Office Supplies,Binders,GBC Twin Loop Wire Binding Elements,39.936,4,0.7,-26.624
7993,CA-2016-133872,6/14/2016,6/17/2016,First Class,VM-21835,Vivian Mathis,Consumer,United States,Boca Raton,Florida,33433,South,TEC-AC-10000521,Technology,Accessories,"Verbatim Slim CD and DVD Storage Cases, 50/Pack",18.464,2,0.2,2.308
7994,US-2015-165743,11/20/2015,11/23/2015,Second Class,MM-18055,Michelle Moray,Consumer,United States,Aurora,Colorado,80013,West,OFF-BI-10001982,Office Supplies,Binders,Wilson Jones Custom Binder Spines & Labels,4.896,3,0.7,-3.4272
7995,US-2015-165743,11/20/2015,11/23/2015,Second Class,MM-18055,Michelle Moray,Consumer,United States,Aurora,Colorado,80013,West,FUR-BO-10002268,Furniture,Bookcases,Sauder Barrister Bookcases,145.764,6,0.7,-247.7988
7996,US-2015-165743,11/20/2015,11/23/2015,Second Class,MM-18055,Michelle Moray,Consumer,United States,Aurora,Colorado,80013,West,OFF-BI-10001758,Office Supplies,Binders,Wilson Jones 14 Line Acrylic Coated Pressboard Data Binders,9.612,6,0.7,-7.3692
7997,US-2017-105998,11/3/2017,11/5/2017,First Class,CR-12580,Clay Rozendal,Home Office,United States,San Diego,California,92037,West,TEC-AC-10004469,Technology,Accessories,Microsoft Sculpt Comfort Mouse,199.75,5,0,87.89
7998,US-2017-105998,11/3/2017,11/5/2017,First Class,CR-12580,Clay Rozendal,Home Office,United States,San Diego,California,92037,West,FUR-TA-10001095,Furniture,Tables,Chromcraft Round Conference Tables,1673.184,12,0.2,20.9148
7999,US-2014-148194,5/4/2014,5/7/2014,First Class,BS-11365,Bill Shonely,Corporate,United States,Seattle,Washington,98105,West,FUR-FU-10001852,Furniture,Furnishings,"Eldon Regeneration Recycled Desk Accessories, Smoke",12.18,7,0,3.8976
8000,US-2014-148194,5/4/2014,5/7/2014,First Class,BS-11365,Bill Shonely,Corporate,United States,Seattle,Washington,98105,West,OFF-AP-10000696,Office Supplies,Appliances,Holmes Odor Grabber,57.68,4,0,19.0344
8001,US-2015-151407,11/8/2015,11/12/2015,Standard Class,RD-19585,Rob Dowd,Consumer,United States,Dubuque,Iowa,52001,Central,TEC-PH-10003885,Technology,Phones,Cisco SPA508G,263.96,4,0,76.5484
8002,CA-2015-110870,12/12/2015,12/15/2015,First Class,KD-16270,Karen Daniels,Consumer,United States,Los Angeles,California,90032,West,TEC-AC-10002926,Technology,Accessories,Logitech Wireless Marathon Mouse M705,299.94,6,0,128.9742
8003,CA-2015-110870,12/12/2015,12/15/2015,First Class,KD-16270,Karen Daniels,Consumer,United States,Los Angeles,California,90032,West,OFF-SU-10001225,Office Supplies,Supplies,Staple remover,25.76,7,0,0.5152
8004,CA-2014-143210,12/1/2014,12/3/2014,First Class,AA-10645,Anna Andreadi,Consumer,United States,Lowell,Massachusetts,1852,East,TEC-PH-10004434,Technology,Phones,Cisco IP Phone 7961G VoIP phone - Dark gray,271.9,2,0,78.851
8005,CA-2014-143210,12/1/2014,12/3/2014,First Class,AA-10645,Anna Andreadi,Consumer,United States,Lowell,Massachusetts,1852,East,FUR-FU-10003878,Furniture,Furnishings,"Linden 10"" Round Wall Clock, Black",45.84,3,0,15.5856
8006,CA-2014-143210,12/1/2014,12/3/2014,First Class,AA-10645,Anna Andreadi,Consumer,United States,Lowell,Massachusetts,1852,East,FUR-FU-10002268,Furniture,Furnishings,Ultra Door Push Plate,9.82,2,0,3.2406
8007,CA-2016-139808,10/7/2016,10/11/2016,Standard Class,MC-18100,Mick Crebagga,Consumer,United States,Marysville,Washington,98270,West,OFF-FA-10001883,Office Supplies,Fasteners,"Alliance Super-Size Bands, Assorted Sizes",93.36,12,0,0.9336
8008,CA-2015-110863,11/17/2015,11/24/2015,Standard Class,AA-10645,Anna Andreadi,Consumer,United States,Oklahoma City,Oklahoma,73120,Central,OFF-ST-10002756,Office Supplies,Storage,"Tennsco Stur-D-Stor Boltless Shelving, 5 Shelves, 24"" Deep, Sand",541.24,4,0,5.4124
8009,CA-2015-110863,11/17/2015,11/24/2015,Standard Class,AA-10645,Anna Andreadi,Consumer,United States,Oklahoma City,Oklahoma,73120,Central,OFF-PA-10000474,Office Supplies,Paper,Easy-staple paper,106.32,3,0,49.9704
8010,CA-2015-110863,11/17/2015,11/24/2015,Standard Class,AA-10645,Anna Andreadi,Consumer,United States,Oklahoma City,Oklahoma,73120,Central,FUR-CH-10002073,Furniture,Chairs,Hon Olson Stacker Chairs,1323.9,5,0,383.931
8011,CA-2014-127859,3/17/2014,3/20/2014,Second Class,QJ-19255,Quincy Jones,Corporate,United States,Philadelphia,Pennsylvania,19134,East,OFF-PA-10003641,Office Supplies,Paper,Xerox 1909,126.624,6,0.2,41.1528
8012,US-2015-136427,6/20/2015,6/23/2015,First Class,JM-16195,Justin MacKendrick,Consumer,United States,Aurora,Colorado,80013,West,TEC-PH-10002070,Technology,Phones,Griffin GC36547 PowerJolt SE Lightning Charger,125.944,7,0.2,15.743
8013,CA-2017-120168,5/25/2017,5/25/2017,Same Day,TB-21625,Trudy Brown,Consumer,United States,New York City,New York,10009,East,OFF-BI-10004519,Office Supplies,Binders,GBC DocuBind P100 Manual Binding Machine,663.92,5,0.2,207.475
8014,CA-2017-120168,5/25/2017,5/25/2017,Same Day,TB-21625,Trudy Brown,Consumer,United States,New York City,New York,10009,East,TEC-AC-10002167,Technology,Accessories,Imation 8gb Micro Traveldrive Usb 2.0 Flash Drive,120,8,0,13.2
8015,CA-2017-120168,5/25/2017,5/25/2017,Same Day,TB-21625,Trudy Brown,Consumer,United States,New York City,New York,10009,East,OFF-FA-10000936,Office Supplies,Fasteners,Acco Hot Clips Clips to Go,3.29,1,0,1.4805
8016,CA-2017-120168,5/25/2017,5/25/2017,Same Day,TB-21625,Trudy Brown,Consumer,United States,New York City,New York,10009,East,FUR-FU-10000732,Furniture,Furnishings,Eldon 200 Class Desk Accessories,18.84,3,0,6.0288
8017,US-2014-131870,9/9/2014,9/11/2014,First Class,NF-18595,Nicole Fjeld,Home Office,United States,Lancaster,Ohio,43130,East,FUR-FU-10002501,Furniture,Furnishings,Nu-Dell Executive Frame,60.672,6,0.2,12.8928
8018,US-2014-131870,9/9/2014,9/11/2014,First Class,NF-18595,Nicole Fjeld,Home Office,United States,Lancaster,Ohio,43130,East,OFF-AR-10000634,Office Supplies,Art,Newell 320,30.816,9,0.2,2.6964
8019,CA-2017-114804,10/17/2017,10/19/2017,Second Class,BF-11020,Barry Französisch,Corporate,United States,Modesto,California,95351,West,TEC-PH-10001700,Technology,Phones,Panasonic KX-TG6844B Expandable Digital Cordless Telephone,52.792,1,0.2,4.6193
8020,CA-2017-167227,11/2/2017,11/5/2017,First Class,NP-18670,Nora Paige,Consumer,United States,Saint Louis,Missouri,63116,Central,OFF-AP-10001962,Office Supplies,Appliances,Black & Decker Filter for Double Action Dustbuster Cordless Vac BLDV7210,83.9,10,0,20.975
8021,CA-2017-167227,11/2/2017,11/5/2017,First Class,NP-18670,Nora Paige,Consumer,United States,Saint Louis,Missouri,63116,Central,OFF-PA-10001838,Office Supplies,Paper,"Adams Telephone Message Book W/Dividers/Space For Phone Numbers, 5 1/4""X8 1/2"", 300/Messages",11.76,2,0,5.7624
8022,CA-2014-129189,7/21/2014,7/25/2014,Standard Class,HM-14860,Harry Marie,Corporate,United States,Dallas,Texas,75217,Central,OFF-AP-10000124,Office Supplies,Appliances,Acco 6 Outlet Guardian Basic Surge Suppressor,4.992,3,0.8,-12.9792
8023,CA-2014-129189,7/21/2014,7/25/2014,Standard Class,HM-14860,Harry Marie,Corporate,United States,Dallas,Texas,75217,Central,OFF-EN-10003567,Office Supplies,Envelopes,"Inter-Office Recycled Envelopes, Brown Kraft, Button-String,10"" x 13"" , 100/Box",87.92,5,0.2,29.673
8024,CA-2014-129189,7/21/2014,7/25/2014,Standard Class,HM-14860,Harry Marie,Corporate,United States,Dallas,Texas,75217,Central,FUR-CH-10004997,Furniture,Chairs,Hon Every-Day Series Multi-Task Chairs,657.93,5,0.3,-93.99
8025,CA-2014-129189,7/21/2014,7/25/2014,Standard Class,HM-14860,Harry Marie,Corporate,United States,Dallas,Texas,75217,Central,OFF-BI-10000494,Office Supplies,Binders,Acco Economy Flexible Poly Round Ring Binder,1.044,1,0.8,-1.827
8026,CA-2015-132465,9/11/2015,9/15/2015,Second Class,DM-13525,Don Miller,Corporate,United States,New York City,New York,10035,East,FUR-FU-10000277,Furniture,Furnishings,Deflect-o DuraMat Antistatic Studded Beveled Mat for Medium Pile Carpeting,210.68,2,0,50.5632
8027,CA-2015-132465,9/11/2015,9/15/2015,Second Class,DM-13525,Don Miller,Corporate,United States,New York City,New York,10035,East,OFF-ST-10003641,Office Supplies,Storage,Space Solutions Industrial Galvanized Steel Shelving.,78.8,1,0,1.576
8028,CA-2015-132465,9/11/2015,9/15/2015,Second Class,DM-13525,Don Miller,Corporate,United States,New York City,New York,10035,East,TEC-AC-10001998,Technology,Accessories,Logitech LS21 Speaker System - PC Multimedia - 2.1-CH - Wired,19.99,1,0,6.7966
8029,CA-2015-132465,9/11/2015,9/15/2015,Second Class,DM-13525,Don Miller,Corporate,United States,New York City,New York,10035,East,OFF-ST-10001932,Office Supplies,Storage,Fellowes Staxonsteel Drawer Files,772.68,4,0,108.1752
8030,CA-2016-166373,10/21/2016,10/25/2016,Standard Class,JF-15565,Jill Fjeld,Consumer,United States,San Antonio,Texas,78207,Central,TEC-AC-10002323,Technology,Accessories,SanDisk Ultra 32 GB MicroSDHC Class 10 Memory Card,106.08,6,0.2,-9.282
8031,CA-2016-158806,1/7/2016,1/11/2016,Standard Class,NM-18520,Neoma Murray,Consumer,United States,Amarillo,Texas,79109,Central,FUR-FU-10004270,Furniture,Furnishings,"Executive Impressions 13"" Clairmont Wall Clock",23.076,3,0.6,-10.9611
8032,CA-2016-158806,1/7/2016,1/11/2016,Standard Class,NM-18520,Neoma Murray,Consumer,United States,Amarillo,Texas,79109,Central,OFF-PA-10004621,Office Supplies,Paper,Xerox 212,25.92,5,0.2,9.072
8033,CA-2015-119690,6/25/2015,6/28/2015,First Class,MV-17485,Mark Van Huff,Consumer,United States,Houston,Texas,77041,Central,OFF-PA-10001019,Office Supplies,Paper,Xerox 1884,47.952,3,0.2,16.1838
8034,CA-2015-119690,6/25/2015,6/28/2015,First Class,MV-17485,Mark Van Huff,Consumer,United States,Houston,Texas,77041,Central,OFF-BI-10000201,Office Supplies,Binders,"Avery Triangle Shaped Sheet Lifters, Black, 2/Pack",0.984,2,0.8,-1.476
8035,CA-2015-119690,6/25/2015,6/28/2015,First Class,MV-17485,Mark Van Huff,Consumer,United States,Houston,Texas,77041,Central,FUR-FU-10004587,Furniture,Furnishings,"GE General Use Halogen Bulbs, 100 Watts, 1 Bulb per Pack",75.384,9,0.6,-20.7306
8036,CA-2015-119690,6/25/2015,6/28/2015,First Class,MV-17485,Mark Van Huff,Consumer,United States,Houston,Texas,77041,Central,OFF-LA-10001613,Office Supplies,Labels,Avery File Folder Labels,4.608,2,0.2,1.6704
8037,CA-2015-153738,9/20/2015,9/22/2015,First Class,AG-10270,Alejandro Grove,Consumer,United States,Lawrence,Massachusetts,1841,East,OFF-BI-10001308,Office Supplies,Binders,GBC Standard Plastic Binding Systems' Combs,37.68,6,0,16.956
8038,CA-2017-169012,7/10/2017,7/14/2017,Standard Class,BF-11275,Beth Fritzler,Corporate,United States,Columbus,Georgia,31907,South,OFF-AP-10003278,Office Supplies,Appliances,Belkin 7-Outlet SurgeMaster Home Series,41.91,3,0,10.8966
8039,CA-2017-109393,6/30/2017,7/2/2017,Second Class,JC-15775,John Castell,Consumer,United States,Los Angeles,California,90032,West,FUR-BO-10003966,Furniture,Bookcases,"Sauder Facets Collection Library, Sky Alder Finish",435.999,3,0.15,5.1294
8040,CA-2017-121489,8/21/2017,8/25/2017,Second Class,CM-11815,Candace McMahon,Corporate,United States,Seattle,Washington,98115,West,FUR-CH-10004698,Furniture,Chairs,"Padded Folding Chairs, Black, 4/Carton",388.704,6,0.2,38.8704
8041,CA-2017-121489,8/21/2017,8/25/2017,Second Class,CM-11815,Candace McMahon,Corporate,United States,Seattle,Washington,98115,West,OFF-ST-10000025,Office Supplies,Storage,Fellowes Stor/Drawer Steel Plus Storage Drawers,572.58,6,0,34.3548
8042,CA-2017-121489,8/21/2017,8/25/2017,Second Class,CM-11815,Candace McMahon,Corporate,United States,Seattle,Washington,98115,West,TEC-AC-10000682,Technology,Accessories,Kensington K72356US Mouse-in-a-Box USB Desktop Mouse,33.18,2,0,11.613
8043,US-2017-133081,3/11/2017,3/15/2017,Standard Class,PV-18985,Paul Van Hugh,Home Office,United States,Cambridge,Massachusetts,2138,East,TEC-AC-10001772,Technology,Accessories,Memorex Mini Travel Drive 16 GB USB 2.0 Flash Drive,63.88,4,0,24.9132
8044,US-2017-133081,3/11/2017,3/15/2017,Standard Class,PV-18985,Paul Van Hugh,Home Office,United States,Cambridge,Massachusetts,2138,East,FUR-FU-10001379,Furniture,Furnishings,"Executive Impressions 16-1/2"" Circular Wall Clock",26.72,1,0,11.7568
8045,CA-2017-165008,9/15/2017,9/17/2017,Second Class,DO-13645,Doug O'Connell,Consumer,United States,Salt Lake City,Utah,84106,West,OFF-BI-10002794,Office Supplies,Binders,"Avery Trapezoid Ring Binder, 3"" Capacity, Black, 1040 sheets",295.056,9,0.2,106.9578
8046,CA-2016-145611,9/20/2016,9/24/2016,Standard Class,HA-14905,Helen Abelman,Consumer,United States,New York City,New York,10035,East,OFF-AP-10001005,Office Supplies,Appliances,Honeywell Quietcare HEPA Air Cleaner,393.25,5,0,129.7725
8047,CA-2016-113600,12/15/2016,12/17/2016,Second Class,SH-20395,Shahid Hopkins,Consumer,United States,Cuyahoga Falls,Ohio,44221,East,OFF-BI-10000201,Office Supplies,Binders,"Avery Triangle Shaped Sheet Lifters, Black, 2/Pack",2.214,3,0.7,-1.476
8048,CA-2017-130834,11/3/2017,11/6/2017,Second Class,JM-16195,Justin MacKendrick,Consumer,United States,Wilmington,North Carolina,28403,South,OFF-PA-10003673,Office Supplies,Paper,Strathmore Photo Mount Cards,16.272,3,0.2,5.2884
8049,CA-2016-168543,7/3/2016,7/7/2016,Standard Class,DK-13225,Dean Katz,Corporate,United States,New York City,New York,10035,East,OFF-AP-10000938,Office Supplies,Appliances,Avanti 1.7 Cu. Ft. Refrigerator,706.86,7,0,197.9208
8050,CA-2014-144974,9/26/2014,9/30/2014,Standard Class,CM-12715,Craig Molinari,Corporate,United States,Philadelphia,Pennsylvania,19140,East,OFF-BI-10003274,Office Supplies,Binders,"Avery Durable Slant Ring Binders, No Labels",5.97,5,0.7,-4.577
