Row ID,Order ID,Order Date,Ship Date,Ship Mode,Customer ID,Customer Name,Segment,Country,City,State,Postal Code,Region,Product ID,Category,Sub-Category,Product Name,Sales,Quantity,Discount,Profit
8050,CA-2014-144974,9/26/2014,9/30/2014,Standard Class,CM-12715,Craig Molinari,Corporate,United States,Philadelphia,Pennsylvania,19140,East,OFF-BI-10003274,Office Supplies,Binders,"Avery Durable Slant Ring Binders, No Labels",5.97,5,0.7,-4.577
8051,CA-2014-144974,9/26/2014,9/30/2014,Standard Class,CM-12715,Craig Molinari,Corporate,United States,Philadelphia,Pennsylvania,19140,East,FUR-FU-10001095,Furniture,Furnishings,DAX Black Cherry Wood-Tone Poster Frame,21.184,1,0.2,4.7664
8052,CA-2014-144974,9/26/2014,9/30/2014,Standard Class,CM-12715,Craig Molinari,Corporate,United States,Philadelphia,Pennsylvania,19140,East,OFF-AP-10001492,Office Supplies,Appliances,"Acco Six-Outlet Power Strip, 4' Cord Length",41.376,6,0.2,3.1032
8053,CA-2014-109904,7/14/2014,7/17/2014,Second Class,BF-10975,Barbara Fisher,Corporate,United States,New York City,New York,10009,East,OFF-AR-10004999,Office Supplies,Art,Newell 315,17.94,3,0,4.485
8054,CA-2017-152205,9/28/2017,10/5/2017,Standard Class,SF-20965,Sylvia Foulston,Corporate,United States,Philadelphia,Pennsylvania,19134,East,OFF-BI-10004094,Office Supplies,Binders,GBC Standard Plastic Binding Systems Combs,2.655,1,0.7,-1.8585
8055,CA-2015-121188,8/28/2015,9/4/2015,Standard Class,CB-12025,Cassandra Brandow,Consumer,United States,Los Angeles,California,90049,West,OFF-ST-10001490,Office Supplies,Storage,"Hot File 7-Pocket, Floor Stand",892.35,5,0,267.705
8056,CA-2015-121188,8/28/2015,9/4/2015,Standard Class,CB-12025,Cassandra Brandow,Consumer,United States,Los Angeles,California,90049,West,FUR-BO-10004695,Furniture,Bookcases,O'Sullivan 2-Door Barrister Bookcase in Odessa Pine,307.666,2,0.15,28.9568
8057,CA-2015-121188,8/28/2015,9/4/2015,Standard Class,CB-12025,Cassandra Brandow,Consumer,United States,Los Angeles,California,90049,West,OFF-ST-10000736,Office Supplies,Storage,Carina Double Wide Media Storage Towers in Natural & Black,728.82,9,0,29.1528
8058,CA-2015-121188,8/28/2015,9/4/2015,Standard Class,CB-12025,Cassandra Brandow,Consumer,United States,Los Angeles,California,90049,West,OFF-BI-10001617,Office Supplies,Binders,GBC Wire Binding Combs,41.36,5,0.2,13.959
8059,CA-2015-121188,8/28/2015,9/4/2015,Standard Class,CB-12025,Cassandra Brandow,Consumer,United States,Los Angeles,California,90049,West,TEC-PH-10003589,Technology,Phones,invisibleSHIELD by ZAGG Smudge-Free Screen Protector,43.176,3,0.2,15.1116
8060,CA-2015-121188,8/28/2015,9/4/2015,Standard Class,CB-12025,Cassandra Brandow,Consumer,United States,Los Angeles,California,90049,West,FUR-FU-10003981,Furniture,Furnishings,Eldon Wave Desk Accessories,4.16,2,0,1.7472
8061,CA-2015-156013,9/20/2015,9/26/2015,Standard Class,TC-20980,Tamara Chand,Corporate,United States,Long Beach,New York,11561,East,OFF-PA-10001970,Office Supplies,Paper,Xerox 1881,61.4,5,0,28.858
8062,CA-2015-156013,9/20/2015,9/26/2015,Standard Class,TC-20980,Tamara Chand,Corporate,United States,Long Beach,New York,11561,East,OFF-BI-10002437,Office Supplies,Binders,Recycled Premium Regency Composition Covers,24.448,2,0.2,8.8624
8063,CA-2016-132997,11/7/2016,11/9/2016,First Class,LW-17215,Luke Weiss,Consumer,United States,Rochester,New York,14609,East,TEC-PH-10000586,Technology,Phones,AT&T SB67148 SynJ,263.96,4,0,71.2692
8064,CA-2016-132997,11/7/2016,11/9/2016,First Class,LW-17215,Luke Weiss,Consumer,United States,Rochester,New York,14609,East,TEC-PH-10003811,Technology,Phones,Jabra Supreme Plus Driver Edition Headset,359.97,3,0,100.7916
8065,CA-2016-132997,11/7/2016,11/9/2016,First Class,LW-17215,Luke Weiss,Consumer,United States,Rochester,New York,14609,East,OFF-PA-10004983,Office Supplies,Paper,Xerox 23,12.96,2,0,6.2208
8066,CA-2016-132997,11/7/2016,11/9/2016,First Class,LW-17215,Luke Weiss,Consumer,United States,Rochester,New York,14609,East,OFF-ST-10003479,Office Supplies,Storage,"Eldon Base for stackable storage shelf, platinum",116.82,3,0,5.841
8067,CA-2016-132997,11/7/2016,11/9/2016,First Class,LW-17215,Luke Weiss,Consumer,United States,Rochester,New York,14609,East,OFF-BI-10004318,Office Supplies,Binders,Ibico EB-19 Dual Function Manual Binding System,276.784,2,0.2,89.9548
8068,US-2015-160563,10/20/2015,10/24/2015,Standard Class,NS-18640,Noel Staavos,Corporate,United States,San Francisco,California,94109,West,TEC-AC-10002567,Technology,Accessories,Logitech G602 Wireless Gaming Mouse,239.97,3,0,86.3892
8069,US-2015-160563,10/20/2015,10/24/2015,Standard Class,NS-18640,Noel Staavos,Corporate,United States,San Francisco,California,94109,West,FUR-FU-10001731,Furniture,Furnishings,Acrylic Self-Standing Desk Frames,16.02,6,0,6.0876
8070,CA-2017-151750,1/1/2017,1/5/2017,Standard Class,JM-15250,Janet Martin,Consumer,United States,Huntsville,Texas,77340,Central,OFF-ST-10002743,Office Supplies,Storage,SAFCO Boltless Steel Shelving,454.56,5,0.2,-107.958
8071,CA-2017-151750,1/1/2017,1/5/2017,Standard Class,JM-15250,Janet Martin,Consumer,United States,Huntsville,Texas,77340,Central,FUR-FU-10002116,Furniture,Furnishings,"Tenex Carpeted, Granite-Look or Clear Contemporary Contour Shape Chair Mats",141.42,5,0.6,-187.3815
8072,CA-2017-151750,1/1/2017,1/5/2017,Standard Class,JM-15250,Janet Martin,Consumer,United States,Huntsville,Texas,77340,Central,FUR-CH-10003199,Furniture,Chairs,Office Star - Contemporary Task Swivel Chair,310.744,4,0.3,-26.6352
8073,CA-2017-151750,1/1/2017,1/5/2017,Standard Class,JM-15250,Janet Martin,Consumer,United States,Huntsville,Texas,77340,Central,OFF-AR-10003158,Office Supplies,Art,Fluorescent Highlighters by Dixon,12.736,4,0.2,2.2288
8074,CA-2017-151750,1/1/2017,1/5/2017,Standard Class,JM-15250,Janet Martin,Consumer,United States,Huntsville,Texas,77340,Central,OFF-BI-10000301,Office Supplies,Binders,GBC Instant Report Kit,6.47,5,0.8,-9.705
8075,CA-2017-151750,1/1/2017,1/5/2017,Standard Class,JM-15250,Janet Martin,Consumer,United States,Huntsville,Texas,77340,Central,OFF-BI-10000343,Office Supplies,Binders,"Pressboard Covers with Storage Hooks, 9 1/2"" x 11"", Light Blue",13.748,14,0.8,-22.6842
8076,CA-2017-151750,1/1/2017,1/5/2017,Standard Class,JM-15250,Janet Martin,Consumer,United States,Huntsville,Texas,77340,Central,OFF-AP-10004708,Office Supplies,Appliances,Fellowes Superior 10 Outlet Split Surge Protector,15.224,2,0.8,-38.8212
8077,CA-2015-106187,6/23/2015,6/29/2015,Standard Class,RF-19345,Randy Ferguson,Corporate,United States,East Point,Georgia,30344,South,FUR-FU-10000794,Furniture,Furnishings,"Eldon Stackable Tray, Side-Load, Legal, Smoke",27.42,3,0,9.3228
8078,CA-2015-106187,6/23/2015,6/29/2015,Standard Class,RF-19345,Randy Ferguson,Corporate,United States,East Point,Georgia,30344,South,OFF-BI-10004519,Office Supplies,Binders,GBC DocuBind P100 Manual Binding Machine,165.98,1,0,74.691
8079,CA-2015-106187,6/23/2015,6/29/2015,Standard Class,RF-19345,Randy Ferguson,Corporate,United States,East Point,Georgia,30344,South,TEC-AC-10001590,Technology,Accessories,Dell Slim USB Multimedia Keyboard,75,3,0,18
8080,US-2016-164945,11/22/2016,11/27/2016,Standard Class,CA-12055,Cathy Armstrong,Home Office,United States,New York City,New York,10009,East,OFF-BI-10001524,Office Supplies,Binders,GBC Premium Transparent Covers with Diagonal Lined Pattern,134.272,8,0.2,46.9952
8081,CA-2015-150714,10/26/2015,11/1/2015,Standard Class,KH-16690,Kristen Hastings,Corporate,United States,Springfield,Oregon,97477,West,OFF-LA-10001474,Office Supplies,Labels,Avery 477,146.544,6,0.2,47.6268
8082,CA-2015-150714,10/26/2015,11/1/2015,Standard Class,KH-16690,Kristen Hastings,Corporate,United States,Springfield,Oregon,97477,West,OFF-PA-10001497,Office Supplies,Paper,Xerox 1914,131.904,3,0.2,47.8152
8083,CA-2015-150714,10/26/2015,11/1/2015,Standard Class,KH-16690,Kristen Hastings,Corporate,United States,Springfield,Oregon,97477,West,OFF-AP-10003287,Office Supplies,Appliances,Tripp Lite TLP810NET Broadband Surge for Modem/Fax,203.88,5,0.2,20.388
8084,CA-2015-150714,10/26/2015,11/1/2015,Standard Class,KH-16690,Kristen Hastings,Corporate,United States,Springfield,Oregon,97477,West,OFF-BI-10002982,Office Supplies,Binders,Avery Self-Adhesive Photo Pockets for Polaroid Photos,14.301,7,0.7,-10.4874
8085,CA-2015-150714,10/26/2015,11/1/2015,Standard Class,KH-16690,Kristen Hastings,Corporate,United States,Springfield,Oregon,97477,West,OFF-ST-10001809,Office Supplies,Storage,Fellowes Officeware Wire Shelving,718.64,10,0.2,-161.694
8086,CA-2016-105753,10/20/2016,10/26/2016,Standard Class,LC-16960,Lindsay Castell,Home Office,United States,Arlington,Virginia,22204,South,FUR-FU-10000246,Furniture,Furnishings,Aluminum Document Frame,61.1,5,0,18.33
8087,CA-2017-120894,4/28/2017,5/2/2017,Standard Class,JL-15130,Jack Lebron,Consumer,United States,Wilmington,North Carolina,28403,South,OFF-AP-10000252,Office Supplies,Appliances,Harmony HEPA Quiet Air Purifiers,28.08,3,0.2,5.265
8088,CA-2016-106621,9/29/2016,10/1/2016,Second Class,DM-12955,Dario Medina,Corporate,United States,Yuma,Arizona,85364,West,OFF-AR-10002375,Office Supplies,Art,Newell 351,10.496,4,0.2,1.1808
8089,CA-2015-107020,7/10/2015,7/14/2015,Standard Class,MV-18190,Mike Vittorini,Consumer,United States,San Bernardino,California,92404,West,OFF-BI-10003719,Office Supplies,Binders,Large Capacity Hanging Post Binders,39.92,2,0.2,12.974
8090,US-2015-117492,8/7/2015,8/9/2015,First Class,NS-18640,Noel Staavos,Corporate,United States,Baltimore,Maryland,21215,East,OFF-AP-10001492,Office Supplies,Appliances,"Acco Six-Outlet Power Strip, 4' Cord Length",77.58,9,0,20.1708
8091,CA-2014-101392,12/7/2014,12/13/2014,Standard Class,AS-10630,Ann Steele,Home Office,United States,Seattle,Washington,98103,West,OFF-ST-10000532,Office Supplies,Storage,Advantus Rolling Drawer Organizers,269.36,7,0,70.0336
8092,CA-2015-127502,12/10/2015,12/14/2015,Standard Class,MT-17815,Meg Tillman,Consumer,United States,San Francisco,California,94110,West,OFF-LA-10001613,Office Supplies,Labels,Avery File Folder Labels,5.76,2,0,2.8224
8093,CA-2017-143658,11/8/2017,11/13/2017,Second Class,SR-20425,Sharelle Roach,Home Office,United States,New York City,New York,10035,East,OFF-AR-10002818,Office Supplies,Art,Panasonic KP-310 Heavy-Duty Electric Pencil Sharpener,109.9,5,0,32.97
8094,CA-2017-133046,7/27/2017,8/1/2017,Second Class,DK-13375,Dennis Kane,Consumer,United States,Seattle,Washington,98115,West,FUR-FU-10001940,Furniture,Furnishings,Staple-based wall hangings,23.88,3,0,10.5072
8095,CA-2017-133046,7/27/2017,8/1/2017,Second Class,DK-13375,Dennis Kane,Consumer,United States,Seattle,Washington,98115,West,OFF-PA-10003883,Office Supplies,Paper,"Message Book, Phone, Wirebound Standard Line Memo, 2 3/4"" X 5""",26.2,4,0,12.052
8096,CA-2017-133046,7/27/2017,8/1/2017,Second Class,DK-13375,Dennis Kane,Consumer,United States,Seattle,Washington,98115,West,OFF-PA-10002787,Office Supplies,Paper,Xerox 227,12.96,2,0,6.2208
8097,CA-2017-133046,7/27/2017,8/1/2017,Second Class,DK-13375,Dennis Kane,Consumer,United States,Seattle,Washington,98115,West,TEC-AC-10000991,Technology,Accessories,Sony Micro Vault Click 8 GB USB 2.0 Flash Drive,234.95,5,0,32.893
8098,CA-2017-122798,12/28/2017,1/1/2018,Standard Class,SV-20935,Susan Vittorini,Consumer,United States,Albuquerque,New Mexico,87105,West,OFF-ST-10003058,Office Supplies,Storage,Eldon Mobile Mega Data Cart  Mega Stackable  Add-On Trays,118.25,5,0,34.2925
8099,CA-2017-122798,12/28/2017,1/1/2018,Standard Class,SV-20935,Susan Vittorini,Consumer,United States,Albuquerque,New Mexico,87105,West,OFF-PA-10004239,Office Supplies,Paper,Xerox 1953,4.28,1,0,1.926
8100,CA-2016-169663,3/10/2016,3/13/2016,First Class,RH-19510,Rick Huthwaite,Home Office,United States,Los Angeles,California,90045,West,TEC-AC-10003038,Technology,Accessories,Kingston Digital DataTraveler 16GB USB 2.0,26.85,3,0,5.1015
8101,CA-2016-169663,3/10/2016,3/13/2016,First Class,RH-19510,Rick Huthwaite,Home Office,United States,Los Angeles,California,90045,West,TEC-MA-10000984,Technology,Machines,Okidata MB760 Printer,3357.6,3,0.2,377.73
8102,CA-2015-149846,5/22/2015,5/26/2015,Standard Class,SB-20185,Sarah Brown,Consumer,United States,Los Angeles,California,90045,West,OFF-LA-10004484,Office Supplies,Labels,Avery 476,8.26,2,0,3.7996
8103,CA-2015-149846,5/22/2015,5/26/2015,Standard Class,SB-20185,Sarah Brown,Consumer,United States,Los Angeles,California,90045,West,TEC-MA-10004002,Technology,Machines,Zebra GX420t Direct Thermal/Thermal Transfer Printer,2973.32,7,0.2,334.4985
8104,CA-2015-149846,5/22/2015,5/26/2015,Standard Class,SB-20185,Sarah Brown,Consumer,United States,Los Angeles,California,90045,West,OFF-ST-10002406,Office Supplies,Storage,Pizazz Global Quick File,104.79,7,0,29.3412
8105,CA-2015-149846,5/22/2015,5/26/2015,Standard Class,SB-20185,Sarah Brown,Consumer,United States,Los Angeles,California,90045,West,TEC-PH-10003645,Technology,Phones,Aastra 57i VoIP phone,775.728,6,0.2,58.1796
8106,CA-2017-159149,2/17/2017,2/19/2017,First Class,CR-12820,Cyra Reiten,Home Office,United States,Houston,Texas,77041,Central,FUR-BO-10001601,Furniture,Bookcases,"Sauder Mission Library with Doors, Fruitwood Finish",89.0664,1,0.32,-17.0274
8107,CA-2017-159149,2/17/2017,2/19/2017,First Class,CR-12820,Cyra Reiten,Home Office,United States,Houston,Texas,77041,Central,OFF-AR-10000937,Office Supplies,Art,"Dixon Ticonderoga Core-Lock Colored Pencils, 48-Color Set",175.44,6,0.2,52.632
8108,CA-2017-159149,2/17/2017,2/19/2017,First Class,CR-12820,Cyra Reiten,Home Office,United States,Houston,Texas,77041,Central,TEC-PH-10000038,Technology,Phones,Jawbone MINI JAMBOX Wireless Bluetooth Speaker,438.336,4,0.2,-87.6672
8109,US-2017-167570,12/8/2017,12/15/2017,Standard Class,EG-13900,Emily Grady,Consumer,United States,Philadelphia,Pennsylvania,19140,East,FUR-CH-10003396,Furniture,Chairs,Global Deluxe Steno Chair,215.544,4,0.3,-58.5048
8110,CA-2017-160122,11/18/2017,11/23/2017,Standard Class,RD-19930,Russell D'Ascenzo,Consumer,United States,Chicago,Illinois,60623,Central,OFF-EN-10002592,Office Supplies,Envelopes,"Peel & Seel Recycled Catalog Envelopes, Brown",55.584,6,0.2,20.844
8111,CA-2017-160122,11/18/2017,11/23/2017,Standard Class,RD-19930,Russell D'Ascenzo,Consumer,United States,Chicago,Illinois,60623,Central,FUR-CH-10000422,Furniture,Chairs,Global Highback Leather Tilter in Burgundy,127.386,2,0.3,-25.4772
8112,CA-2016-130393,12/1/2016,12/3/2016,Second Class,JM-15865,John Murray,Consumer,United States,San Angelo,Texas,76903,Central,FUR-CH-10002647,Furniture,Chairs,"Situations Contoured Folding Chairs, 4/Set",248.43,5,0.3,-17.745
8113,CA-2016-130393,12/1/2016,12/3/2016,Second Class,JM-15865,John Murray,Consumer,United States,San Angelo,Texas,76903,Central,OFF-AP-10004859,Office Supplies,Appliances,Acco 6 Outlet Guardian Premium Surge Suppressor,11.648,4,0.8,-30.8672
8114,CA-2016-130393,12/1/2016,12/3/2016,Second Class,JM-15865,John Murray,Consumer,United States,San Angelo,Texas,76903,Central,FUR-CH-10004477,Furniture,Chairs,"Global Push Button Manager's Chair, Indigo",85.246,2,0.3,-1.2178
8115,CA-2017-144820,10/3/2017,10/7/2017,Second Class,LW-16825,Laurel Workman,Corporate,United States,Pasadena,Texas,77506,Central,OFF-AR-10004817,Office Supplies,Art,Colorific Watercolor Pencils,20.64,5,0.2,2.322
8116,CA-2017-101014,8/29/2017,9/4/2017,Standard Class,RW-19540,Rick Wilson,Corporate,United States,Los Angeles,California,90049,West,FUR-FU-10003374,Furniture,Furnishings,Electrix Fluorescent Magnifier Lamps & Weighted Base,148.02,3,0,41.4456
8117,CA-2017-105543,11/24/2017,11/24/2017,Same Day,BG-11695,Brooke Gillingham,Corporate,United States,Garden City,Kansas,67846,Central,OFF-ST-10003123,Office Supplies,Storage,Fellowes Bases and Tops For Staxonsteel/High-Stak Systems,33.29,1,0,7.9896
8118,US-2017-113201,6/30/2017,7/5/2017,Standard Class,TT-21220,Thomas Thornton,Consumer,United States,Los Angeles,California,90045,West,OFF-PA-10000675,Office Supplies,Paper,Xerox 1919,204.95,5,0,100.4255
8119,US-2017-106551,7/22/2017,7/27/2017,Standard Class,EB-13930,Eric Barreto,Consumer,United States,Chicago,Illinois,60653,Central,FUR-CH-10004997,Furniture,Chairs,Hon Every-Day Series Multi-Task Chairs,526.344,4,0.3,-75.192
8120,CA-2016-116722,11/11/2016,11/16/2016,Standard Class,LP-17080,Liz Pelletier,Consumer,United States,San Francisco,California,94110,West,FUR-FU-10001934,Furniture,Furnishings,Magnifier Swing Arm Lamp,41.96,2,0,10.9096
8121,CA-2016-116722,11/11/2016,11/16/2016,Standard Class,LP-17080,Liz Pelletier,Consumer,United States,San Francisco,California,94110,West,FUR-CH-10004997,Furniture,Chairs,Hon Every-Day Series Multi-Task Chairs,451.152,3,0.2,0
8122,CA-2016-116722,11/11/2016,11/16/2016,Standard Class,LP-17080,Liz Pelletier,Consumer,United States,San Francisco,California,94110,West,OFF-BI-10001890,Office Supplies,Binders,Avery Poly Binder Pockets,31.504,11,0.2,11.0264
8123,CA-2014-138128,12/9/2014,12/15/2014,Standard Class,FP-14320,Frank Preis,Consumer,United States,Philadelphia,Pennsylvania,19134,East,OFF-EN-10002500,Office Supplies,Envelopes,Globe Weis Peel & Seel First Class Envelopes,30.672,3,0.2,9.585
8124,CA-2014-138128,12/9/2014,12/15/2014,Standard Class,FP-14320,Frank Preis,Consumer,United States,Philadelphia,Pennsylvania,19134,East,TEC-CO-10001766,Technology,Copiers,Canon PC940 Copier,1079.976,4,0.4,125.9972
8125,US-2017-150070,9/7/2017,9/12/2017,Standard Class,JA-15970,Joseph Airdo,Consumer,United States,Modesto,California,95351,West,FUR-CH-10004860,Furniture,Chairs,Global Low Back Tilter Chair,161.568,2,0.2,-28.2744
8126,CA-2015-137064,2/6/2015,2/13/2015,Standard Class,TS-21655,Trudy Schmidt,Consumer,United States,Houston,Texas,77070,Central,OFF-BI-10002049,Office Supplies,Binders,UniKeep View Case Binders,2.934,3,0.8,-4.9878
8127,CA-2015-137064,2/6/2015,2/13/2015,Standard Class,TS-21655,Trudy Schmidt,Consumer,United States,Houston,Texas,77070,Central,TEC-AC-10003499,Technology,Accessories,Memorex Mini Travel Drive 8 GB USB 2.0 Flash Drive,18.528,2,0.2,4.4004
8128,CA-2015-137064,2/6/2015,2/13/2015,Standard Class,TS-21655,Trudy Schmidt,Consumer,United States,Houston,Texas,77070,Central,OFF-ST-10003470,Office Supplies,Storage,"Tennsco Snap-Together Open Shelving Units, Starter Sets and Add-On Units",670.752,3,0.2,-125.766
8129,CA-2017-157350,8/26/2017,9/1/2017,Standard Class,DP-13000,Darren Powers,Consumer,United States,Chicago,Illinois,60610,Central,FUR-FU-10000222,Furniture,Furnishings,"Seth Thomas 16"" Steel Case Clock",64.96,5,0.6,-43.848
8130,CA-2014-127866,7/20/2014,7/23/2014,First Class,JD-15895,Jonathan Doherty,Corporate,United States,Riverside,California,92503,West,TEC-AC-10000023,Technology,Accessories,"Maxell 74 Minute CD-R Spindle, 50/Pack",41.94,2,0,15.0984
8131,CA-2014-127866,7/20/2014,7/23/2014,First Class,JD-15895,Jonathan Doherty,Corporate,United States,Riverside,California,92503,West,OFF-PA-10003971,Office Supplies,Paper,Xerox 1965,11.96,2,0,5.8604
8132,CA-2014-127866,7/20/2014,7/23/2014,First Class,JD-15895,Jonathan Doherty,Corporate,United States,Riverside,California,92503,West,OFF-AR-10003481,Office Supplies,Art,Newell 348,13.12,4,0,3.8048
8133,CA-2014-127866,7/20/2014,7/23/2014,First Class,JD-15895,Jonathan Doherty,Corporate,United States,Riverside,California,92503,West,OFF-ST-10001490,Office Supplies,Storage,"Hot File 7-Pocket, Floor Stand",535.41,3,0,160.623
8134,CA-2015-131352,10/8/2015,10/13/2015,Standard Class,GH-14485,Gene Hale,Corporate,United States,Dallas,Texas,75081,Central,FUR-FU-10003708,Furniture,Furnishings,"Tenex Traditional Chairmats for Medium Pile Carpet, Standard Lip, 36"" x 48""",72.78,3,0.6,-70.9605
8135,CA-2015-121776,2/16/2015,2/21/2015,Standard Class,RD-19585,Rob Dowd,Consumer,United States,Los Angeles,California,90008,West,OFF-PA-10001970,Office Supplies,Paper,Xerox 1881,36.84,3,0,17.3148
8136,CA-2015-121776,2/16/2015,2/21/2015,Standard Class,RD-19585,Rob Dowd,Consumer,United States,Los Angeles,California,90008,West,OFF-LA-10002762,Office Supplies,Labels,Avery 485,87.71,7,0,41.2237
8137,CA-2016-118073,8/12/2016,8/16/2016,Standard Class,CS-12490,Cindy Schnelling,Corporate,United States,Lakeland,Florida,33801,South,FUR-TA-10002533,Furniture,Tables,BPI Conference Tables,562.2925,7,0.45,-255.5875
8138,CA-2014-103219,11/9/2014,11/13/2014,Standard Class,BF-11215,Benjamin Farhat,Home Office,United States,New York City,New York,10035,East,FUR-FU-10004091,Furniture,Furnishings,"Eldon 200 Class Desk Accessories, Black",56.52,9,0,21.4776
8139,CA-2016-102561,7/18/2016,7/22/2016,Standard Class,NK-18490,Neil Knudson,Home Office,United States,Philadelphia,Pennsylvania,19140,East,OFF-AR-10001545,Office Supplies,Art,Newell 326,11.264,8,0.2,1.2672
8140,CA-2016-102561,7/18/2016,7/22/2016,Standard Class,NK-18490,Neil Knudson,Home Office,United States,Philadelphia,Pennsylvania,19140,East,OFF-ST-10001476,Office Supplies,Storage,Steel Personal Filing/Posting Tote,284.08,10,0.2,24.857
8141,CA-2016-102561,7/18/2016,7/22/2016,Standard Class,NK-18490,Neil Knudson,Home Office,United States,Philadelphia,Pennsylvania,19140,East,OFF-PA-10004971,Office Supplies,Paper,Xerox 196,18.496,4,0.2,6.7048
8142,CA-2016-100993,2/5/2016,2/10/2016,Standard Class,AZ-10750,Annie Zypern,Consumer,United States,San Diego,California,92037,West,OFF-LA-10003223,Office Supplies,Labels,Avery 508,14.73,3,0,7.2177
8143,CA-2016-100993,2/5/2016,2/10/2016,Standard Class,AZ-10750,Annie Zypern,Consumer,United States,San Diego,California,92037,West,OFF-ST-10004340,Office Supplies,Storage,"Fellowes Mobile File Cart, Black",186.54,3,0,50.3658
8144,CA-2016-100993,2/5/2016,2/10/2016,Standard Class,AZ-10750,Annie Zypern,Consumer,United States,San Diego,California,92037,West,FUR-TA-10001095,Furniture,Tables,Chromcraft Round Conference Tables,557.728,4,0.2,6.9716
8145,CA-2016-100993,2/5/2016,2/10/2016,Standard Class,AZ-10750,Annie Zypern,Consumer,United States,San Diego,California,92037,West,TEC-PH-10001448,Technology,Phones,Anker Astro 15000mAh USB Portable Charger,159.968,4,0.2,-31.9936
8146,US-2014-112949,6/20/2014,6/27/2014,Standard Class,Co-12640,Corey-Lock,Consumer,United States,Lawton,Oklahoma,73505,Central,OFF-AP-10001005,Office Supplies,Appliances,Honeywell Quietcare HEPA Air Cleaner,471.9,6,0,155.727
8147,US-2014-112949,6/20/2014,6/27/2014,Standard Class,Co-12640,Corey-Lock,Consumer,United States,Lawton,Oklahoma,73505,Central,OFF-AR-10003469,Office Supplies,Art,Nontoxic Chalk,3.52,2,0,1.6896
8148,US-2017-146822,6/9/2017,6/14/2017,Standard Class,AG-10675,Anna Gayman,Consumer,United States,Salem,Virginia,24153,South,OFF-PA-10000249,Office Supplies,Paper,Easy-staple paper,49.12,4,0,23.0864
8149,US-2016-131058,12/27/2016,12/31/2016,Standard Class,EM-14140,Eugene Moren,Home Office,United States,Santa Ana,California,92704,West,OFF-LA-10001613,Office Supplies,Labels,Avery File Folder Labels,20.16,7,0,9.8784
8150,CA-2014-167997,1/26/2014,1/29/2014,First Class,CA-11965,Carol Adams,Corporate,United States,Rapid City,South Dakota,57701,Central,OFF-BI-10001758,Office Supplies,Binders,Wilson Jones 14 Line Acrylic Coated Pressboard Data Binders,10.68,2,0,5.0196
8151,CA-2014-167997,1/26/2014,1/29/2014,First Class,CA-11965,Carol Adams,Corporate,United States,Rapid City,South Dakota,57701,Central,FUR-BO-10004409,Furniture,Bookcases,"Safco Value Mate Series Steel Bookcases, Baked Enamel Finish on Steel, Gray",141.96,2,0,39.7488
8152,CA-2017-140151,3/23/2017,3/25/2017,First Class,RB-19360,Raymond Buch,Consumer,United States,Seattle,Washington,98115,West,OFF-ST-10001558,Office Supplies,Storage,Acco Perma 4000 Stacking Storage Drawers,32.48,2,0,4.872
8153,CA-2017-140151,3/23/2017,3/25/2017,First Class,RB-19360,Raymond Buch,Consumer,United States,Seattle,Washington,98115,West,OFF-PA-10002986,Office Supplies,Paper,Xerox 1898,20.04,3,0,9.6192
8154,CA-2017-140151,3/23/2017,3/25/2017,First Class,RB-19360,Raymond Buch,Consumer,United States,Seattle,Washington,98115,West,TEC-CO-10004722,Technology,Copiers,Canon imageCLASS 2200 Advanced Copier,13999.96,4,0,6719.9808
8155,US-2017-143770,3/20/2017,3/24/2017,Standard Class,RD-19720,Roger Demir,Consumer,United States,Middletown,Connecticut,6457,East,TEC-AC-10002842,Technology,Accessories,WD My Passport Ultra 2TB Portable External Hard Drive,238,2,0,38.08
8156,US-2017-143770,3/20/2017,3/24/2017,Standard Class,RD-19720,Roger Demir,Consumer,United States,Middletown,Connecticut,6457,East,OFF-PA-10001125,Office Supplies,Paper,Xerox 1988,61.96,2,0,27.882
8157,CA-2016-131296,10/4/2016,10/9/2016,Standard Class,MS-17830,Melanie Seite,Consumer,United States,Baltimore,Maryland,21215,East,FUR-TA-10002622,Furniture,Tables,"Bush Andora Conference Table, Maple/Graphite Gray Finish",239.372,2,0.3,-23.9372
8158,CA-2016-103464,11/18/2016,11/22/2016,Standard Class,PG-18820,Patrick Gardner,Consumer,United States,San Diego,California,92105,West,TEC-AC-10002842,Technology,Accessories,WD My Passport Ultra 2TB Portable External Hard Drive,595,5,0,95.2
8159,CA-2017-136238,12/26/2017,1/1/2018,Standard Class,KB-16240,Karen Bern,Corporate,United States,Odessa,Texas,79762,Central,OFF-PA-10004285,Office Supplies,Paper,Xerox 1959,16.032,3,0.2,5.6112
8160,CA-2016-120803,3/9/2016,3/13/2016,Standard Class,RB-19465,Rick Bensley,Home Office,United States,Milford,Connecticut,6460,East,TEC-AC-10004469,Technology,Accessories,Microsoft Sculpt Comfort Mouse,199.75,5,0,87.89
8161,CA-2016-134138,2/16/2016,2/20/2016,Standard Class,JD-15790,John Dryer,Consumer,United States,Belleville,New Jersey,7109,East,FUR-CH-10001545,Furniture,Chairs,Hon Comfortask Task/Swivel Chairs,227.96,2,0,36.4736
8162,CA-2015-120915,9/28/2015,10/3/2015,Second Class,JJ-15445,Jennifer Jackson,Consumer,United States,New York City,New York,10035,East,OFF-AP-10002578,Office Supplies,Appliances,"Fellowes Premier Superior Surge Suppressor, 10-Outlet, With Phone and Remote",293.52,6,0,76.3152
8163,CA-2015-120915,9/28/2015,10/3/2015,Second Class,JJ-15445,Jennifer Jackson,Consumer,United States,New York City,New York,10035,East,TEC-PH-10003012,Technology,Phones,Nortel Meridian M3904 Professional Digital phone,307.98,2,0,89.3142
8164,CA-2015-168207,11/2/2015,11/6/2015,Standard Class,LT-17110,Liz Thompson,Consumer,United States,San Diego,California,92105,West,FUR-FU-10004909,Furniture,Furnishings,Contemporary Wood/Metal Frame,96.96,6,0,33.936
8165,CA-2015-168207,11/2/2015,11/6/2015,Standard Class,LT-17110,Liz Thompson,Consumer,United States,San Diego,California,92105,West,OFF-BI-10001524,Office Supplies,Binders,GBC Premium Transparent Covers with Diagonal Lined Pattern,117.488,7,0.2,41.1208
8166,CA-2015-168207,11/2/2015,11/6/2015,Standard Class,LT-17110,Liz Thompson,Consumer,United States,San Diego,California,92105,West,OFF-BI-10003355,Office Supplies,Binders,Cardinal Holdit Business Card Pockets,11.952,3,0.2,4.1832
8167,CA-2015-168207,11/2/2015,11/6/2015,Standard Class,LT-17110,Liz Thompson,Consumer,United States,San Diego,California,92105,West,FUR-BO-10004357,Furniture,Bookcases,O'Sullivan Living Dimensions 3-Shelf Bookcases,512.499,3,0.15,-30.147
8168,CA-2016-144148,7/31/2016,8/5/2016,Standard Class,AH-10690,Anna Häberlin,Corporate,United States,San Francisco,California,94122,West,FUR-TA-10002774,Furniture,Tables,Laminate Occasional Tables,863.128,7,0.2,-32.3673
8169,CA-2017-107174,11/6/2017,11/13/2017,Standard Class,AB-10060,Adam Bellavance,Home Office,United States,Seattle,Washington,98105,West,FUR-TA-10004575,Furniture,Tables,Hon 5100 Series Wood Tables,2036.86,7,0,366.6348
8170,CA-2017-107174,11/6/2017,11/13/2017,Standard Class,AB-10060,Adam Bellavance,Home Office,United States,Seattle,Washington,98105,West,FUR-CH-10003312,Furniture,Chairs,Hon 2090 “Pillow Soft” Series Mid Back Swivel/Tilt Chairs,449.568,2,0.2,-73.0548
8171,CA-2017-107174,11/6/2017,11/13/2017,Standard Class,AB-10060,Adam Bellavance,Home Office,United States,Seattle,Washington,98105,West,TEC-AC-10001465,Technology,Accessories,SanDisk Cruzer 64 GB USB Flash Drive,108.96,3,0,32.688
8172,CA-2016-146150,2/14/2016,2/19/2016,Standard Class,FM-14380,Fred McMath,Consumer,United States,Jackson,Mississippi,39212,South,OFF-AR-10002240,Office Supplies,Art,Panasonic KP-150 Electric Pencil Sharpener,264.18,7,0,68.6868
8173,CA-2014-114125,7/9/2014,7/13/2014,Standard Class,GH-14410,Gary Hansen,Home Office,United States,Los Angeles,California,90049,West,OFF-LA-10004559,Office Supplies,Labels,Avery 49,2.88,1,0,1.4112
8174,CA-2014-114125,7/9/2014,7/13/2014,Standard Class,GH-14410,Gary Hansen,Home Office,United States,Los Angeles,California,90049,West,OFF-BI-10003291,Office Supplies,Binders,Wilson Jones Leather-Like Binders with DublLock Round Rings,41.904,6,0.2,14.1426
8175,CA-2014-114125,7/9/2014,7/13/2014,Standard Class,GH-14410,Gary Hansen,Home Office,United States,Los Angeles,California,90049,West,OFF-ST-10001505,Office Supplies,Storage,"Perma STOR-ALL Hanging File Box, 13 1/8""W x 12 1/4""D x 10 1/2""H",23.92,4,0,4.0664
8176,CA-2016-114944,1/30/2016,2/4/2016,Standard Class,HE-14800,Harold Engle,Corporate,United States,Chicago,Illinois,60623,Central,OFF-PA-10003892,Office Supplies,Paper,Xerox 1943,156.512,4,0.2,52.8228
8177,CA-2016-135965,9/22/2016,9/25/2016,First Class,SZ-20035,Sam Zeldin,Home Office,United States,New York City,New York,10035,East,OFF-ST-10002370,Office Supplies,Storage,"Sortfiler Multipurpose Personal File Organizer, Black",128.34,6,0,37.2186
8178,CA-2017-149699,12/22/2017,12/24/2017,First Class,CM-12115,Chad McGuire,Consumer,United States,Los Angeles,California,90008,West,TEC-AC-10000474,Technology,Accessories,Kensington Expert Mouse Optical USB Trackball for PC or Mac,474.95,5,0,142.485
8179,CA-2016-166429,9/2/2016,9/8/2016,Standard Class,TG-21310,Toby Gnade,Consumer,United States,Des Moines,Washington,98198,West,TEC-CO-10002095,Technology,Copiers,Hewlett Packard 610 Color Digital Copier / Printer,999.98,2,0,449.991
8180,CA-2015-112767,8/2/2015,8/6/2015,Standard Class,DK-12985,Darren Koutras,Consumer,United States,Springfield,Oregon,97477,West,FUR-TA-10003469,Furniture,Tables,Balt Split Level Computer Training Table,277.5,4,0.5,-188.7
8181,CA-2015-119879,11/21/2015,11/25/2015,Standard Class,SS-20410,Shahid Shariari,Consumer,United States,Philadelphia,Pennsylvania,19120,East,FUR-TA-10002958,Furniture,Tables,"Bevis Oval Conference Table, Walnut",1252.704,8,0.4,-480.2032
8182,CA-2015-119879,11/21/2015,11/25/2015,Standard Class,SS-20410,Shahid Shariari,Consumer,United States,Philadelphia,Pennsylvania,19120,East,TEC-PH-10002923,Technology,Phones,"Logitech B530 USB Headset - headset - Full size, Binaural",110.97,5,0.4,-24.0435
8183,CA-2017-155642,5/18/2017,5/22/2017,Standard Class,BM-11575,Brendan Murry,Corporate,United States,Chicago,Illinois,60653,Central,FUR-FU-10004973,Furniture,Furnishings,Flat Face Poster Frame,22.608,3,0.6,-10.1736
8184,CA-2017-155642,5/18/2017,5/22/2017,Standard Class,BM-11575,Brendan Murry,Corporate,United States,Chicago,Illinois,60653,Central,FUR-FU-10001918,Furniture,Furnishings,C-Line Cubicle Keepers Polyproplyene Holder With Velcro Backings,1.892,1,0.6,-0.9933
8185,US-2017-101721,7/23/2017,7/27/2017,Standard Class,MY-17380,Maribeth Yedwab,Corporate,United States,Chicago,Illinois,60623,Central,OFF-PA-10003641,Office Supplies,Paper,Xerox 1909,63.312,3,0.2,20.5764
8186,CA-2015-136728,9/13/2015,9/17/2015,Second Class,AG-10900,Arthur Gainer,Consumer,United States,Chicago,Illinois,60623,Central,OFF-EN-10002621,Office Supplies,Envelopes,Staple envelope,7.824,1,0.2,2.934
8187,CA-2015-136728,9/13/2015,9/17/2015,Second Class,AG-10900,Arthur Gainer,Consumer,United States,Chicago,Illinois,60623,Central,FUR-CH-10003817,Furniture,Chairs,"Global Value Steno Chair, Gray",170.072,4,0.3,-12.148
8188,CA-2016-127194,12/10/2016,12/16/2016,Standard Class,BW-11110,Bart Watters,Corporate,United States,New York City,New York,10024,East,OFF-PA-10000659,Office Supplies,Paper,"Adams Phone Message Book, Professional, 400 Message Capacity, 5 3/6” x 11”",62.82,9,0,29.5254
8189,CA-2015-140375,10/2/2015,10/5/2015,Second Class,SG-20470,Sheri Gordon,Consumer,United States,Rockville,Maryland,20852,East,OFF-PA-10001870,Office Supplies,Paper,Xerox 202,19.44,3,0,9.3312
8190,CA-2015-140375,10/2/2015,10/5/2015,Second Class,SG-20470,Sheri Gordon,Consumer,United States,Rockville,Maryland,20852,East,OFF-BI-10000320,Office Supplies,Binders,GBC Plastic Binding Combs,7.38,1,0,3.6162
8191,US-2017-155866,11/17/2017,11/21/2017,Standard Class,CC-12370,Christopher Conant,Consumer,United States,New York City,New York,10011,East,OFF-PA-10004735,Office Supplies,Paper,Xerox 1905,38.88,6,0,18.6624
8192,US-2017-155866,11/17/2017,11/21/2017,Standard Class,CC-12370,Christopher Conant,Consumer,United States,New York City,New York,10011,East,FUR-FU-10004091,Furniture,Furnishings,"Howard Miller 13"" Diameter Goldtone Round Wall Clock",187.76,4,0,76.9816
8193,CA-2015-141327,11/30/2015,12/3/2015,First Class,LR-16915,Lena Radford,Consumer,United States,Durham,North Carolina,27707,South,OFF-BI-10000546,Office Supplies,Binders,Avery Durable Binders,6.048,7,0.7,-4.2336
8194,CA-2015-141327,11/30/2015,12/3/2015,First Class,LR-16915,Lena Radford,Consumer,United States,Durham,North Carolina,27707,South,OFF-AP-10001293,Office Supplies,Appliances,Belkin 8 Outlet Surge Protector,98.352,3,0.2,9.8352
8195,CA-2015-141327,11/30/2015,12/3/2015,First Class,LR-16915,Lena Radford,Consumer,United States,Durham,North Carolina,27707,South,FUR-FU-10000576,Furniture,Furnishings,Luxo Professional Fluorescent Magnifier Lamp with Clamp-Mount Base,335.744,2,0.2,25.1808
8196,CA-2015-136700,12/6/2015,12/11/2015,Second Class,DB-13120,David Bremer,Corporate,United States,Santa Barbara,California,93101,West,OFF-PA-10004519,Office Supplies,Paper,Spiral Phone Message Books with Labels by Adams,8.96,2,0,4.3904
8197,CA-2017-102736,9/5/2017,9/9/2017,Standard Class,LP-17095,Liz Preis,Consumer,United States,Knoxville,Tennessee,37918,South,TEC-AC-10004568,Technology,Accessories,Maxell LTO Ultrium - 800 GB,89.568,4,0.2,-1.1196
8198,CA-2017-102736,9/5/2017,9/9/2017,Standard Class,LP-17095,Liz Preis,Consumer,United States,Knoxville,Tennessee,37918,South,OFF-AR-10001897,Office Supplies,Art,Model L Table or Wall-Mount Pencil Sharpener,71.96,5,0.2,7.196
8199,CA-2017-102736,9/5/2017,9/9/2017,Standard Class,LP-17095,Liz Preis,Consumer,United States,Knoxville,Tennessee,37918,South,OFF-PA-10001800,Office Supplies,Paper,Xerox 220,15.552,3,0.2,5.4432
8200,CA-2017-125269,4/24/2017,4/30/2017,Standard Class,AF-10870,Art Ferguson,Consumer,United States,Chicago,Illinois,60610,Central,OFF-BI-10001628,Office Supplies,Binders,"Acco Data Flex Cable Posts For Top & Bottom Load Binders, 6"" Capacity",10.43,5,0.8,-18.2525
8201,CA-2017-125269,4/24/2017,4/30/2017,Standard Class,AF-10870,Art Ferguson,Consumer,United States,Chicago,Illinois,60610,Central,OFF-ST-10004123,Office Supplies,Storage,Safco Industrial Wire Shelving System,72.784,1,0.2,-18.196
8202,CA-2015-114811,11/8/2015,11/8/2015,Same Day,KD-16495,Keith Dawkins,Corporate,United States,New York City,New York,10024,East,OFF-ST-10000885,Office Supplies,Storage,Fellowes Desktop Hanging File Manager,67.15,5,0,16.7875
8203,CA-2015-114811,11/8/2015,11/8/2015,Same Day,KD-16495,Keith Dawkins,Corporate,United States,New York City,New York,10024,East,TEC-PH-10004165,Technology,Phones,Mitel MiVoice 5330e IP Phone,549.98,2,0,142.9948
8204,CA-2015-114811,11/8/2015,11/8/2015,Same Day,KD-16495,Keith Dawkins,Corporate,United States,New York City,New York,10024,East,FUR-FU-10002240,Furniture,Furnishings,Nu-Dell EZ-Mount Plastic Wall Frames,11.82,3,0,4.728
8205,CA-2015-114811,11/8/2015,11/8/2015,Same Day,KD-16495,Keith Dawkins,Corporate,United States,New York City,New York,10024,East,TEC-MA-10000045,Technology,Machines,Zebra ZM400 Thermal Label Printer,4643.8,4,0,2229.024
8206,CA-2015-114811,11/8/2015,11/8/2015,Same Day,KD-16495,Keith Dawkins,Corporate,United States,New York City,New York,10024,East,FUR-CH-10003746,Furniture,Chairs,Hon 4070 Series Pagoda Round Back Stacking Chairs,577.764,2,0.1,115.5528
8207,CA-2015-122266,4/26/2015,4/30/2015,Standard Class,SA-20830,Sue Ann Reed,Consumer,United States,Daytona Beach,Florida,32114,South,FUR-TA-10000577,Furniture,Tables,Bretford CR4500 Series Slim Rectangular Table,191.5155,1,0.45,-76.6062
8208,CA-2015-122266,4/26/2015,4/30/2015,Standard Class,SA-20830,Sue Ann Reed,Consumer,United States,Daytona Beach,Florida,32114,South,OFF-AR-10004757,Office Supplies,Art,Crayola Colored Pencils,2.624,1,0.2,0.4264
8209,CA-2015-141565,9/20/2015,9/24/2015,Standard Class,BG-11035,Barry Gonzalez,Consumer,United States,Nashville,Tennessee,37211,South,OFF-BI-10000545,Office Supplies,Binders,GBC Ibimaster 500 Manual ProClick Binding System,1369.764,6,0.7,-913.176
8210,CA-2015-141565,9/20/2015,9/24/2015,Standard Class,BG-11035,Barry Gonzalez,Consumer,United States,Nashville,Tennessee,37211,South,OFF-ST-10001522,Office Supplies,Storage,"Gould Plastics 18-Pocket Panel Bin, 34w x 5-1/4d x 20-1/2h",294.368,4,0.2,-58.8736
8211,CA-2017-128769,9/7/2017,9/12/2017,Standard Class,DM-12955,Dario Medina,Corporate,United States,Nashville,Tennessee,37211,South,OFF-AP-10001271,Office Supplies,Appliances,Eureka The Boss Cordless Rechargeable Stick Vac,81.568,2,0.2,7.1372
8212,CA-2016-116337,11/7/2016,11/12/2016,Standard Class,MC-17845,Michael Chen,Consumer,United States,Dallas,Texas,75220,Central,FUR-FU-10002030,Furniture,Furnishings,"Executive Impressions 14"" Contract Wall Clock with Quartz Movement",44.46,5,0.6,-17.784
8213,CA-2016-116337,11/7/2016,11/12/2016,Standard Class,MC-17845,Michael Chen,Consumer,United States,Dallas,Texas,75220,Central,OFF-ST-10001272,Office Supplies,Storage,"Mini 13-1/2 Capacity Data Binder Rack, Pearl",314.088,3,0.2,19.6305
8214,CA-2015-120845,9/25/2015,10/2/2015,Standard Class,ML-17395,Marina Lichtenstein,Corporate,United States,Murfreesboro,Tennessee,37130,South,OFF-BI-10001116,Office Supplies,Binders,"Wilson Jones 1"" Hanging DublLock Ring Binders",6.336,4,0.7,-4.6464
8215,CA-2015-120845,9/25/2015,10/2/2015,Standard Class,ML-17395,Marina Lichtenstein,Corporate,United States,Murfreesboro,Tennessee,37130,South,OFF-PA-10004665,Office Supplies,Paper,Advantus Motivational Note Cards,10.48,1,0.2,3.799
8216,CA-2015-120845,9/25/2015,10/2/2015,Standard Class,ML-17395,Marina Lichtenstein,Corporate,United States,Murfreesboro,Tennessee,37130,South,OFF-BI-10004506,Office Supplies,Binders,Wilson Jones data.warehouse D-Ring Binders with DublLock,2.469,1,0.7,-1.8106
8217,CA-2015-120845,9/25/2015,10/2/2015,Standard Class,ML-17395,Marina Lichtenstein,Corporate,United States,Murfreesboro,Tennessee,37130,South,OFF-BI-10001982,Office Supplies,Binders,Wilson Jones Custom Binder Spines & Labels,3.264,2,0.7,-2.2848
8218,CA-2014-120775,10/3/2014,10/7/2014,Standard Class,RD-19930,Russell D'Ascenzo,Consumer,United States,Dallas,Texas,75217,Central,OFF-FA-10002676,Office Supplies,Fasteners,Colored Push Pins,4.344,3,0.2,0.8688
8219,CA-2014-120775,10/3/2014,10/7/2014,Standard Class,RD-19930,Russell D'Ascenzo,Consumer,United States,Dallas,Texas,75217,Central,FUR-FU-10000758,Furniture,Furnishings,DAX Natural Wood-Tone Poster Frame,31.776,3,0.6,-19.0656
8220,CA-2014-120775,10/3/2014,10/7/2014,Standard Class,RD-19930,Russell D'Ascenzo,Consumer,United States,Dallas,Texas,75217,Central,OFF-LA-10002271,Office Supplies,Labels,Smead Alpha-Z Color-Coded Second Alphabetical Labels and Starter Set,4.928,2,0.2,1.7248
8221,CA-2014-120775,10/3/2014,10/7/2014,Standard Class,RD-19930,Russell D'Ascenzo,Consumer,United States,Dallas,Texas,75217,Central,OFF-BI-10002609,Office Supplies,Binders,Avery Hidden Tab Dividers for Binding Systems,1.788,3,0.8,-3.0396
8222,CA-2014-120775,10/3/2014,10/7/2014,Standard Class,RD-19930,Russell D'Ascenzo,Consumer,United States,Dallas,Texas,75217,Central,OFF-FA-10000254,Office Supplies,Fasteners,Sterling Rubber Bands by Alliance,15.072,4,0.2,-3.768
8223,CA-2014-152905,2/18/2014,2/24/2014,Standard Class,AB-10015,Aaron Bergman,Consumer,United States,Arlington,Texas,76017,Central,OFF-ST-10000321,Office Supplies,Storage,Akro Stacking Bins,12.624,2,0.2,-2.5248
8224,CA-2016-104633,6/12/2016,6/16/2016,Standard Class,EA-14035,Erin Ashbrook,Corporate,United States,Pasadena,California,91104,West,OFF-PA-10000241,Office Supplies,Paper,"IBM Multi-Purpose Copy Paper, 8 1/2 x 11"", Case",185.88,6,0,83.646
8225,CA-2016-104633,6/12/2016,6/16/2016,Standard Class,EA-14035,Erin Ashbrook,Corporate,United States,Pasadena,California,91104,West,OFF-PA-10004782,Office Supplies,Paper,Xerox 228,12.96,2,0,6.2208
8226,CA-2017-104136,11/1/2017,11/4/2017,Second Class,SF-20065,Sandra Flanagan,Consumer,United States,Everett,Massachusetts,2149,East,OFF-PA-10004243,Office Supplies,Paper,Xerox 1939,189.7,10,0,91.056
8227,CA-2017-104136,11/1/2017,11/4/2017,Second Class,SF-20065,Sandra Flanagan,Consumer,United States,Everett,Massachusetts,2149,East,OFF-PA-10001033,Office Supplies,Paper,Xerox 1893,40.99,1,0,20.0851
8228,CA-2016-123050,4/4/2016,4/8/2016,Second Class,BC-11125,Becky Castell,Home Office,United States,Troy,New York,12180,East,FUR-FU-10000723,Furniture,Furnishings,"Deflect-o EconoMat Studded, No Bevel Mat for Low Pile Carpeting",82.64,2,0,7.4376
8229,CA-2016-123050,4/4/2016,4/8/2016,Second Class,BC-11125,Becky Castell,Home Office,United States,Troy,New York,12180,East,OFF-ST-10003455,Office Supplies,Storage,"Tenex File Box, Personal Filing Tote with Lid, Black",31.02,2,0,8.0652
8230,CA-2016-123050,4/4/2016,4/8/2016,Second Class,BC-11125,Becky Castell,Home Office,United States,Troy,New York,12180,East,TEC-AC-10001109,Technology,Accessories,Logitech Trackman Marble Mouse,89.97,3,0,37.7874
8231,CA-2016-162355,6/30/2016,7/2/2016,Second Class,PF-19165,Philip Fox,Consumer,United States,Sandy Springs,Georgia,30328,South,OFF-AR-10004344,Office Supplies,Art,Bulldog Vacuum Base Pencil Sharpener,35.97,3,0,9.7119
8232,CA-2016-162355,6/30/2016,7/2/2016,Second Class,PF-19165,Philip Fox,Consumer,United States,Sandy Springs,Georgia,30328,South,FUR-BO-10004695,Furniture,Bookcases,O'Sullivan 2-Door Barrister Bookcase in Odessa Pine,1266.86,7,0,291.3778
8233,CA-2014-158225,9/22/2014,9/28/2014,Standard Class,SE-20110,Sanjit Engle,Consumer,United States,San Jose,California,95123,West,OFF-ST-10000675,Office Supplies,Storage,"File Shuttle II and Handi-File, Black",169.45,5,0,42.3625
8234,CA-2014-158225,9/22/2014,9/28/2014,Standard Class,SE-20110,Sanjit Engle,Consumer,United States,San Jose,California,95123,West,OFF-ST-10002301,Office Supplies,Storage,Tennsco Commercial Shelving,40.68,2,0,0.4068
8235,CA-2017-102204,5/1/2017,5/6/2017,Standard Class,CJ-12010,Caroline Jumper,Consumer,United States,Jacksonville,Florida,32216,South,OFF-SU-10001212,Office Supplies,Supplies,Kleencut Forged Office Shears by Acme United Corporation,3.328,2,0.2,0.416
8236,CA-2017-102204,5/1/2017,5/6/2017,Standard Class,CJ-12010,Caroline Jumper,Consumer,United States,Jacksonville,Florida,32216,South,FUR-TA-10001889,Furniture,Tables,Bush Advantage Collection Racetrack Conference Table,933.262,4,0.45,-458.1468
8237,CA-2017-102204,5/1/2017,5/6/2017,Standard Class,CJ-12010,Caroline Jumper,Consumer,United States,Jacksonville,Florida,32216,South,FUR-CH-10002024,Furniture,Chairs,HON 5400 Series Task Chairs for Big and Tall,2803.92,5,0.2,0
8238,CA-2017-103065,10/20/2017,10/20/2017,Same Day,PT-19090,Pete Takahito,Consumer,United States,Jacksonville,Florida,32216,South,OFF-ST-10000617,Office Supplies,Storage,Woodgrain Magazine Files by Perma,4.768,2,0.2,-0.7748
8239,CA-2017-103065,10/20/2017,10/20/2017,Same Day,PT-19090,Pete Takahito,Consumer,United States,Jacksonville,Florida,32216,South,OFF-PA-10000380,Office Supplies,Paper,"REDIFORM Incoming/Outgoing Call Register, 11"" X 8 1/2"", 100 Messages",6.672,1,0.2,2.502
8240,CA-2017-103065,10/20/2017,10/20/2017,Same Day,PT-19090,Pete Takahito,Consumer,United States,Jacksonville,Florida,32216,South,OFF-AR-10003251,Office Supplies,Art,Prang Drawing Pencil Set,4.448,2,0.2,1.112
8241,CA-2017-103065,10/20/2017,10/20/2017,Same Day,PT-19090,Pete Takahito,Consumer,United States,Jacksonville,Florida,32216,South,FUR-FU-10000175,Furniture,Furnishings,DAX Wood Document Frame.,43.936,4,0.2,6.0412
8242,CA-2014-109855,9/1/2014,9/5/2014,Standard Class,LH-16900,Lena Hernandez,Consumer,United States,New York City,New York,10009,East,OFF-BI-10004716,Office Supplies,Binders,Wilson Jones Hanging Recycled Pressboard Data Binders,23.744,2,0.2,8.3104
8243,CA-2014-109855,9/1/2014,9/5/2014,Standard Class,LH-16900,Lena Hernandez,Consumer,United States,New York City,New York,10009,East,TEC-AC-10002842,Technology,Accessories,WD My Passport Ultra 2TB Portable External Hard Drive,357,3,0,57.12
8244,CA-2014-109897,8/12/2014,8/16/2014,Standard Class,BW-11200,Ben Wallace,Consumer,United States,San Francisco,California,94122,West,TEC-PH-10003691,Technology,Phones,BlackBerry Q10,806.336,8,0.2,50.396
8245,CA-2014-109897,8/12/2014,8/16/2014,Standard Class,BW-11200,Ben Wallace,Consumer,United States,San Francisco,California,94122,West,FUR-FU-10002878,Furniture,Furnishings,"Seth Thomas 14"" Day/Date Wall Clock",85.44,3,0,31.6128
8246,US-2014-143581,8/19/2014,8/23/2014,Standard Class,BS-11365,Bill Shonely,Corporate,United States,Columbus,Georgia,31907,South,OFF-ST-10000991,Office Supplies,Storage,Space Solutions HD Industrial Steel Shelving.,344.91,3,0,10.3473
8247,CA-2015-129217,5/10/2015,5/10/2015,Same Day,DP-13390,Dennis Pardue,Home Office,United States,Aurora,Illinois,60505,Central,OFF-AP-10002439,Office Supplies,Appliances,Tripp Lite Isotel 8 Ultra 8 Outlet Metal Surge,70.97,5,0.8,-191.619
8248,CA-2015-129217,5/10/2015,5/10/2015,Same Day,DP-13390,Dennis Pardue,Home Office,United States,Aurora,Illinois,60505,Central,OFF-AR-10004602,Office Supplies,Art,Boston KS Multi-Size Manual Pencil Sharpener,36.784,2,0.2,3.6784
8249,CA-2016-133816,5/10/2016,5/13/2016,Second Class,CS-12400,Christopher Schild,Home Office,United States,Philadelphia,Pennsylvania,19134,East,TEC-PH-10001795,Technology,Phones,ClearOne CHATAttach 160 - speaker phone,743.988,2,0.4,-123.998
8250,CA-2015-140221,3/5/2015,3/9/2015,Second Class,MS-17365,Maribeth Schnelling,Consumer,United States,Chicago,Illinois,60653,Central,OFF-BI-10002854,Office Supplies,Binders,"Performers Binder/Pad Holder, Black",11.212,2,0.8,-16.818
8251,CA-2015-140221,3/5/2015,3/9/2015,Second Class,MS-17365,Maribeth Schnelling,Consumer,United States,Chicago,Illinois,60653,Central,FUR-FU-10000023,Furniture,Furnishings,Eldon Wave Desk Accessories,4.712,2,0.6,-1.8848
8252,CA-2015-140221,3/5/2015,3/9/2015,Second Class,MS-17365,Maribeth Schnelling,Consumer,United States,Chicago,Illinois,60653,Central,OFF-AP-10000828,Office Supplies,Appliances,Avanti 4.4 Cu. Ft. Refrigerator,180.98,5,0.8,-470.548
8253,CA-2015-140221,3/5/2015,3/9/2015,Second Class,MS-17365,Maribeth Schnelling,Consumer,United States,Chicago,Illinois,60653,Central,OFF-ST-10000777,Office Supplies,Storage,"Companion Letter/Legal File, Black",60.416,2,0.2,6.0416
8254,CA-2017-152310,8/12/2017,8/19/2017,Standard Class,DK-12895,Dana Kaydos,Consumer,United States,Seattle,Washington,98103,West,TEC-CO-10000971,Technology,Copiers,Hewlett Packard 310 Color Digital Copier,299.99,1,0,89.997
8255,CA-2017-152310,8/12/2017,8/19/2017,Standard Class,DK-12895,Dana Kaydos,Consumer,United States,Seattle,Washington,98103,West,OFF-PA-10003134,Office Supplies,Paper,Xerox 1937,192.16,4,0,92.2368
8256,CA-2017-152310,8/12/2017,8/19/2017,Standard Class,DK-12895,Dana Kaydos,Consumer,United States,Seattle,Washington,98103,West,TEC-PH-10002538,Technology,Phones,Grandstream GXP1160 VoIP phone,242.624,8,0.2,27.2952
8257,CA-2017-152310,8/12/2017,8/19/2017,Standard Class,DK-12895,Dana Kaydos,Consumer,United States,Seattle,Washington,98103,West,OFF-ST-10001228,Office Supplies,Storage,Personal File Boxes with Fold-Down Carry Handle,46.74,3,0,11.685
8258,CA-2017-152310,8/12/2017,8/19/2017,Standard Class,DK-12895,Dana Kaydos,Consumer,United States,Seattle,Washington,98103,West,TEC-AC-10000397,Technology,Accessories,"Perixx PERIBOARD-512B, Ergonomic Split Keyboard",174.95,5,0,12.2465
8259,CA-2017-152310,8/12/2017,8/19/2017,Standard Class,DK-12895,Dana Kaydos,Consumer,United States,Seattle,Washington,98103,West,OFF-BI-10004308,Office Supplies,Binders,Avery Legal 4-Ring Binder,100.704,6,0.2,37.764
8260,CA-2016-118101,6/26/2016,6/26/2016,Same Day,SN-20560,Skye Norling,Home Office,United States,Roseville,Michigan,48066,Central,OFF-PA-10000357,Office Supplies,Paper,"White Dual Perf Computer Printout Paper, 2700 Sheets, 1 Part, Heavyweight, 20 lbs., 14 7/8 x 11",368.91,9,0,180.7659
8261,CA-2016-118101,6/26/2016,6/26/2016,Same Day,SN-20560,Skye Norling,Home Office,United States,Roseville,Michigan,48066,Central,OFF-BI-10000773,Office Supplies,Binders,Insertable Tab Post Binder Dividers,8.02,1,0,3.7694
8262,CA-2016-118101,6/26/2016,6/26/2016,Same Day,SN-20560,Skye Norling,Home Office,United States,Roseville,Michigan,48066,Central,OFF-ST-10001837,Office Supplies,Storage,"SAFCO Mobile Desk Side File, Wire Frame",171.04,4,0,44.4704
8263,CA-2016-100307,12/15/2016,12/19/2016,Standard Class,TC-21475,Tony Chapman,Home Office,United States,Fayetteville,Arkansas,72701,South,OFF-PA-10002552,Office Supplies,Paper,Xerox 1958,19.44,3,0,9.3312
8264,CA-2015-138457,9/13/2015,9/17/2015,Standard Class,AM-10705,Anne McFarland,Consumer,United States,Jacksonville,North Carolina,28540,South,OFF-BI-10000014,Office Supplies,Binders,Heavy-Duty E-Z-D Binders,13.092,4,0.7,-10.0372
8265,CA-2014-131800,12/30/2014,1/4/2015,Standard Class,AJ-10960,Astrea Jones,Consumer,United States,New York City,New York,10035,East,OFF-AP-10004136,Office Supplies,Appliances,Kensington 6 Outlet SmartSocket Surge Protector,122.94,3,0,30.735
8266,CA-2014-131800,12/30/2014,1/4/2015,Standard Class,AJ-10960,Astrea Jones,Consumer,United States,New York City,New York,10035,East,OFF-BI-10003429,Office Supplies,Binders,"Cardinal HOLDit! Binder Insert Strips,Extra Strips",35.448,7,0.2,12.8499
8267,CA-2014-118304,4/29/2014,5/4/2014,Standard Class,KH-16360,Katherine Hughes,Consumer,United States,Dover,Delaware,19901,East,TEC-PH-10000376,Technology,Phones,Square Credit Card Reader,19.98,2,0,5.1948
8268,CA-2017-121790,1/30/2017,2/6/2017,Standard Class,LP-17095,Liz Preis,Consumer,United States,Aurora,Illinois,60505,Central,FUR-TA-10003469,Furniture,Tables,Balt Split Level Computer Training Table,69.375,1,0.5,-47.175
8269,CA-2017-121790,1/30/2017,2/6/2017,Standard Class,LP-17095,Liz Preis,Consumer,United States,Aurora,Illinois,60505,Central,OFF-SU-10004231,Office Supplies,Supplies,Acme Tagit Stainless Steel Antibacterial Scissors,31.68,4,0.2,2.772
8270,CA-2017-121790,1/30/2017,2/6/2017,Standard Class,LP-17095,Liz Preis,Consumer,United States,Aurora,Illinois,60505,Central,TEC-PH-10002584,Technology,Phones,Samsung Galaxy S4,2003.168,4,0.2,250.396
8271,CA-2017-121790,1/30/2017,2/6/2017,Standard Class,LP-17095,Liz Preis,Consumer,United States,Aurora,Illinois,60505,Central,OFF-AR-10003602,Office Supplies,Art,"Quartet Omega Colored Chalk, 12/Pack",9.344,2,0.2,3.1536
8272,CA-2016-169670,12/25/2016,12/31/2016,Standard Class,JE-15715,Joe Elijah,Consumer,United States,New York City,New York,10009,East,FUR-CH-10002331,Furniture,Chairs,Hon 4700 Series Mobuis Mid-Back Task Chairs with Adjustable Arms,2563.056,8,0.1,313.2624
8273,CA-2016-139549,10/20/2016,10/25/2016,Standard Class,MY-18295,Muhammed Yedwab,Corporate,United States,El Cajon,California,92020,West,FUR-CH-10001802,Furniture,Chairs,Hon Every-Day Chair Series Swivel Task Chairs,387.136,4,0.2,4.8392
8274,CA-2015-104059,6/13/2015,6/15/2015,Second Class,FC-14245,Frank Carlisle,Home Office,United States,Springfield,Ohio,45503,East,OFF-AR-10000634,Office Supplies,Art,Newell 320,3.424,1,0.2,0.2996
8275,CA-2017-164112,6/30/2017,7/4/2017,Standard Class,ND-18460,Neil Ducich,Corporate,United States,Mount Vernon,New York,10550,East,OFF-ST-10002615,Office Supplies,Storage,"Dual Level, Single-Width Filing Carts",1085.42,7,0,282.2092
8276,CA-2015-143882,6/26/2015,6/30/2015,Standard Class,DB-13360,Dennis Bolton,Home Office,United States,Lakewood,Ohio,44107,East,OFF-PA-10004040,Office Supplies,Paper,Universal Premium White Copier/Laser Paper (20Lb. and 87 Bright),43.056,9,0.2,15.6078
8277,US-2016-139262,2/21/2016,2/25/2016,Standard Class,LC-16960,Lindsay Castell,Home Office,United States,Tampa,Florida,33614,South,OFF-BI-10003727,Office Supplies,Binders,Avery Durable Slant Ring Binders With Label Holder,3.762,3,0.7,-2.7588
8278,US-2016-139262,2/21/2016,2/25/2016,Standard Class,LC-16960,Lindsay Castell,Home Office,United States,Tampa,Florida,33614,South,OFF-BI-10002026,Office Supplies,Binders,Avery Arch Ring Binders,34.86,2,0.7,-26.726
8279,US-2016-139262,2/21/2016,2/25/2016,Standard Class,LC-16960,Lindsay Castell,Home Office,United States,Tampa,Florida,33614,South,OFF-ST-10001496,Office Supplies,Storage,Standard Rollaway File with Lock,432.456,3,0.2,32.4342
8280,CA-2017-146192,4/22/2017,4/26/2017,Standard Class,BD-11725,Bruce Degenhardt,Consumer,United States,Columbus,Georgia,31907,South,OFF-ST-10003716,Office Supplies,Storage,Tennsco Double-Tier Lockers,675.06,3,0,87.7578
8281,CA-2017-134810,5/9/2017,5/10/2017,First Class,MC-17605,Matt Connell,Corporate,United States,Jacksonville,North Carolina,28540,South,OFF-EN-10002504,Office Supplies,Envelopes,"Tyvek  Top-Opening Peel & Seel Envelopes, Plain White",65.232,3,0.2,22.0158
8282,CA-2017-134810,5/9/2017,5/10/2017,First Class,MC-17605,Matt Connell,Corporate,United States,Jacksonville,North Carolina,28540,South,FUR-CH-10001270,Furniture,Chairs,Harbour Creations Steel Folding Chair,207,3,0.2,25.875
8283,CA-2015-154284,12/21/2015,12/26/2015,Second Class,SZ-20035,Sam Zeldin,Home Office,United States,Saint Charles,Illinois,60174,Central,TEC-MA-10004241,Technology,Machines,Star Micronics TSP800 TSP847IIU Receipt Printer,600.53,2,0.3,137.264
8284,CA-2015-154284,12/21/2015,12/26/2015,Second Class,SZ-20035,Sam Zeldin,Home Office,United States,Saint Charles,Illinois,60174,Central,OFF-AR-10001468,Office Supplies,Art,"Sanford Prismacolor Professional Thick Lead Art Pencils, 36-Color Set",59.904,2,0.2,14.2272
8285,CA-2015-154284,12/21/2015,12/26/2015,Second Class,SZ-20035,Sam Zeldin,Home Office,United States,Saint Charles,Illinois,60174,Central,TEC-AC-10003198,Technology,Accessories,Enermax Acrylux Wireless Keyboard,637.44,8,0.2,135.456
8286,CA-2015-154284,12/21/2015,12/26/2015,Second Class,SZ-20035,Sam Zeldin,Home Office,United States,Saint Charles,Illinois,60174,Central,FUR-FU-10003039,Furniture,Furnishings,"Howard Miller 11-1/2"" Diameter Grantwood Wall Clock",51.756,3,0.6,-33.6414
8287,CA-2014-156244,8/12/2014,8/16/2014,Standard Class,DH-13675,Duane Huffman,Home Office,United States,Miami,Florida,33180,South,OFF-PA-10000295,Office Supplies,Paper,Xerox 229,31.104,6,0.2,10.8864
8288,CA-2014-156244,8/12/2014,8/16/2014,Standard Class,DH-13675,Duane Huffman,Home Office,United States,Miami,Florida,33180,South,OFF-AR-10004344,Office Supplies,Art,Bulldog Vacuum Base Pencil Sharpener,47.96,5,0.2,4.1965
8289,CA-2014-156244,8/12/2014,8/16/2014,Standard Class,DH-13675,Duane Huffman,Home Office,United States,Miami,Florida,33180,South,TEC-AC-10002473,Technology,Accessories,Maxell 4.7GB DVD-R,158.928,7,0.2,41.7186
8290,CA-2014-156244,8/12/2014,8/16/2014,Standard Class,DH-13675,Duane Huffman,Home Office,United States,Miami,Florida,33180,South,OFF-AP-10002403,Office Supplies,Appliances,Acco Smartsocket Color-Coded Six-Outlet AC Adapter Model Surge Protectors,211.248,6,0.2,15.8436
8291,CA-2014-156244,8/12/2014,8/16/2014,Standard Class,DH-13675,Duane Huffman,Home Office,United States,Miami,Florida,33180,South,OFF-SU-10000432,Office Supplies,Supplies,Acco Side-Punched Conventional Columnar Pads,5.552,2,0.2,-1.041
8292,CA-2014-156244,8/12/2014,8/16/2014,Standard Class,DH-13675,Duane Huffman,Home Office,United States,Miami,Florida,33180,South,OFF-LA-10000443,Office Supplies,Labels,Avery 501,2.952,1,0.2,0.9963
8293,CA-2015-106362,12/11/2015,12/15/2015,Standard Class,LC-16885,Lena Creighton,Consumer,United States,Troy,Ohio,45373,East,OFF-BI-10003166,Office Supplies,Binders,GBC Plasticlear Binding Covers,10.332,3,0.7,-7.5768
8294,US-2017-168802,11/3/2017,11/7/2017,Standard Class,JO-15145,Jack O'Briant,Corporate,United States,Seattle,Washington,98103,West,OFF-BI-10002393,Office Supplies,Binders,Binder Posts,18.368,4,0.2,5.9696
8295,US-2017-146906,3/13/2017,3/17/2017,Standard Class,MT-17815,Meg Tillman,Consumer,United States,New York City,New York,10011,East,TEC-PH-10001809,Technology,Phones,Panasonic KX T7736-B Digital phone,299.9,2,0,74.975
8296,CA-2016-166380,5/30/2016,6/3/2016,Standard Class,EB-13750,Edward Becker,Corporate,United States,Arlington,Virginia,22204,South,OFF-EN-10002600,Office Supplies,Envelopes,"Redi-Strip #10 Envelopes, 4 1/8 x 9 1/2",26.55,9,0,12.744
8297,CA-2016-166380,5/30/2016,6/3/2016,Standard Class,EB-13750,Edward Becker,Corporate,United States,Arlington,Virginia,22204,South,TEC-AC-10000109,Technology,Accessories,Sony Micro Vault Click 16 GB USB 2.0 Flash Drive,111.98,2,0,26.8752
8298,US-2015-158911,7/5/2015,7/11/2015,Standard Class,RS-19765,Roland Schwarz,Corporate,United States,Charlotte,North Carolina,28205,South,FUR-FU-10003829,Furniture,Furnishings,Stackable Trays,4.928,2,0.2,0.7392
8299,US-2015-158911,7/5/2015,7/11/2015,Standard Class,RS-19765,Roland Schwarz,Corporate,United States,Charlotte,North Carolina,28205,South,OFF-LA-10003223,Office Supplies,Labels,Avery 508,11.784,3,0.2,4.2717
8300,US-2014-103338,3/11/2014,3/15/2014,Standard Class,RB-19435,Richard Bierner,Consumer,United States,Roseville,California,95661,West,OFF-AR-10001770,Office Supplies,Art,Economy #2 Pencils,7.98,3,0,2.0748
