Row ID,Order ID,Order Date,Ship Date,Ship Mode,Customer ID,Customer Name,Segment,Country,City,State,Postal Code,Region,Product ID,Category,Sub-Category,Product Name,Sales,Quantity,Discount,Profit
8901,CA-2016-150483,5/31/2016,6/4/2016,Standard Class,BP-11290,Beth Paige,Consumer,United States,Decatur,Illinois,62521,Central,FUR-FU-10001379,Furniture,Furnishings,"Executive Impressions 16-1/2"" Circular Wall Clock",32.064,3,0.6,-12.8256
8902,CA-2016-150483,5/31/2016,6/4/2016,Standard Class,BP-11290,Beth Paige,Consumer,United States,Decatur,Illinois,62521,Central,OFF-PA-10001846,Office Supplies,Paper,Xerox 1899,18.496,4,0.2,6.7048
8903,CA-2016-150483,5/31/2016,6/4/2016,Standard Class,BP-11290,Beth Paige,Consumer,United States,Decatur,Illinois,62521,Central,FUR-CH-10000422,Furniture,Chairs,Global Highback Leather Tilter in Burgundy,191.079,3,0.3,-38.2158
8904,CA-2016-150483,5/31/2016,6/4/2016,Standard Class,BP-11290,Beth Paige,Consumer,United States,Decatur,Illinois,62521,Central,OFF-PA-10004621,Office Supplies,Paper,Xerox 212,10.368,2,0.2,3.6288
8905,US-2016-126431,7/1/2016,7/1/2016,Same Day,SU-20665,Stephanie Ulpright,Home Office,United States,New York City,New York,10009,East,OFF-LA-10001474,Office Supplies,Labels,Avery 477,30.53,1,0,14.0438
8906,US-2016-126431,7/1/2016,7/1/2016,Same Day,SU-20665,Stephanie Ulpright,Home Office,United States,New York City,New York,10009,East,TEC-AC-10001635,Technology,Accessories,KeyTronic KT400U2 - Keyboard - Black,30.84,3,0,6.168
8907,US-2016-126431,7/1/2016,7/1/2016,Same Day,SU-20665,Stephanie Ulpright,Home Office,United States,New York City,New York,10009,East,OFF-PA-10001950,Office Supplies,Paper,Southworth 25% Cotton Antique Laid Paper & Envelopes,75.06,9,0,33.777
8908,CA-2016-139934,12/18/2016,12/20/2016,First Class,AY-10555,Andy Yotov,Corporate,United States,San Francisco,California,94110,West,TEC-PH-10001552,Technology,Phones,I Need's 3d Hello Kitty Hybrid Silicone Case Cover for HTC One X 4g with 3d Hello Kitty Stylus Pen Green/pink,66.976,7,0.2,6.6976
8909,CA-2015-109603,1/26/2015,2/1/2015,Standard Class,EM-13825,Elizabeth Moffitt,Corporate,United States,Moreno Valley,California,92553,West,OFF-PA-10003790,Office Supplies,Paper,Xerox 1991,182.72,8,0,84.0512
8910,CA-2017-160661,10/28/2017,11/1/2017,Standard Class,SA-20830,Sue Ann Reed,Consumer,United States,Everett,Massachusetts,2149,East,OFF-LA-10002475,Office Supplies,Labels,Avery 519,21.93,3,0,10.3071
8911,CA-2017-102610,11/4/2017,11/8/2017,Standard Class,CA-12265,Christina Anderson,Consumer,United States,Chattanooga,Tennessee,37421,South,TEC-AC-10000303,Technology,Accessories,Logitech M510 Wireless Mouse,95.976,3,0.2,15.5961
8912,CA-2017-102610,11/4/2017,11/8/2017,Standard Class,CA-12265,Christina Anderson,Consumer,United States,Chattanooga,Tennessee,37421,South,TEC-PH-10000127,Technology,Phones,iOttie XL Car Mount,143.928,9,0.2,-32.3838
8913,CA-2017-102610,11/4/2017,11/8/2017,Standard Class,CA-12265,Christina Anderson,Consumer,United States,Chattanooga,Tennessee,37421,South,OFF-BI-10004364,Office Supplies,Binders,Storex Dura Pro Binders,3.564,2,0.7,-2.97
8914,CA-2017-102610,11/4/2017,11/8/2017,Standard Class,CA-12265,Christina Anderson,Consumer,United States,Chattanooga,Tennessee,37421,South,OFF-LA-10002195,Office Supplies,Labels,Avery 481,4.928,2,0.2,1.7248
8915,US-2016-144057,5/9/2016,5/13/2016,Standard Class,CV-12805,Cynthia Voltz,Corporate,United States,Austin,Texas,78745,Central,OFF-ST-10001490,Office Supplies,Storage,"Hot File 7-Pocket, Floor Stand",856.656,6,0.2,107.082
8916,US-2016-144057,5/9/2016,5/13/2016,Standard Class,CV-12805,Cynthia Voltz,Corporate,United States,Austin,Texas,78745,Central,OFF-BI-10002852,Office Supplies,Binders,Ibico Standard Transparent Covers,13.184,4,0.8,-20.4352
8917,US-2016-144057,5/9/2016,5/13/2016,Standard Class,CV-12805,Cynthia Voltz,Corporate,United States,Austin,Texas,78745,Central,OFF-AP-10000390,Office Supplies,Appliances,Euro Pro Shark Stick Mini Vacuum,48.784,4,0.8,-131.7168
8918,US-2016-144057,5/9/2016,5/13/2016,Standard Class,CV-12805,Cynthia Voltz,Corporate,United States,Austin,Texas,78745,Central,OFF-PA-10004327,Office Supplies,Paper,Xerox 1911,76.64,2,0.2,26.824
8919,US-2016-144057,5/9/2016,5/13/2016,Standard Class,CV-12805,Cynthia Voltz,Corporate,United States,Austin,Texas,78745,Central,OFF-BI-10002353,Office Supplies,Binders,GBC VeloBind Cover Sets,18.528,6,0.8,-27.792
8920,CA-2014-160276,4/2/2014,4/8/2014,Standard Class,AH-10690,Anna Häberlin,Corporate,United States,Virginia Beach,Virginia,23464,South,FUR-FU-10003192,Furniture,Furnishings,Luxo Adjustable Task Clamp Lamp,177.68,2,0,46.1968
8921,CA-2014-132983,4/28/2014,5/3/2014,Standard Class,DS-13180,David Smith,Corporate,United States,Jamestown,New York,14701,East,TEC-AC-10000736,Technology,Accessories,Logitech G600 MMO Gaming Mouse,159.98,2,0,57.5928
8922,CA-2016-145709,10/4/2016,10/8/2016,Standard Class,AH-10690,Anna Häberlin,Corporate,United States,Coral Gables,Florida,33134,South,TEC-PH-10003095,Technology,Phones,Samsung HM1900 Bluetooth Headset,52.68,3,0.2,19.755
8923,CA-2016-145709,10/4/2016,10/8/2016,Standard Class,AH-10690,Anna Häberlin,Corporate,United States,Coral Gables,Florida,33134,South,FUR-FU-10002885,Furniture,Furnishings,Magna Visual Magnetic Picture Hangers,11.568,3,0.2,2.6028
8924,CA-2017-133928,6/11/2017,6/17/2017,Standard Class,ZC-21910,Zuschuss Carroll,Consumer,United States,Hickory,North Carolina,28601,South,OFF-BI-10001525,Office Supplies,Binders,"Acco Pressboard Covers with Storage Hooks, 14 7/8"" x 11"", Executive Red",4.572,4,0.7,-3.81
8925,CA-2016-168032,1/30/2016,2/3/2016,Standard Class,DF-13135,David Flashing,Consumer,United States,Rockford,Illinois,61107,Central,TEC-PH-10004241,Technology,Phones,Nokia Lumia 1020,1439.968,4,0.2,143.9968
8926,CA-2016-168032,1/30/2016,2/3/2016,Standard Class,DF-13135,David Flashing,Consumer,United States,Rockford,Illinois,61107,Central,OFF-BI-10000546,Office Supplies,Binders,Avery Durable Binders,1.728,3,0.8,-2.6784
8927,CA-2016-168032,1/30/2016,2/3/2016,Standard Class,DF-13135,David Flashing,Consumer,United States,Rockford,Illinois,61107,Central,FUR-TA-10004256,Furniture,Tables,Bretford “Just In Time” Height-Adjustable Multi-Task Work Tables,626.1,3,0.5,-538.446
8928,CA-2015-143616,9/27/2015,9/29/2015,Second Class,SS-20140,Saphhira Shifley,Corporate,United States,Seattle,Washington,98103,West,OFF-AR-10002067,Office Supplies,Art,Newell 334,99.2,5,0,25.792
8929,US-2015-168704,4/13/2015,4/17/2015,Standard Class,FP-14320,Frank Preis,Consumer,United States,Huntsville,Texas,77340,Central,FUR-TA-10000688,Furniture,Tables,"Chromcraft Bull-Nose Wood Round Conference Table Top, Wood Base",609.98,4,0.3,-113.282
8930,US-2015-168704,4/13/2015,4/17/2015,Standard Class,FP-14320,Frank Preis,Consumer,United States,Huntsville,Texas,77340,Central,FUR-TA-10002530,Furniture,Tables,"Iceberg OfficeWorks 42"" Round Tables",211.372,2,0.3,-45.294
8931,US-2015-168704,4/13/2015,4/17/2015,Standard Class,FP-14320,Frank Preis,Consumer,United States,Huntsville,Texas,77340,Central,TEC-PH-10001061,Technology,Phones,Apple iPhone 5C,239.976,3,0.2,17.9982
8932,CA-2017-143252,12/18/2017,12/24/2017,Standard Class,HE-14800,Harold Engle,Corporate,United States,Milwaukee,Wisconsin,53209,Central,FUR-FU-10001057,Furniture,Furnishings,Tensor Track Tree Floor Lamp,99.95,5,0,22.9885
8933,CA-2017-143252,12/18/2017,12/24/2017,Standard Class,HE-14800,Harold Engle,Corporate,United States,Milwaukee,Wisconsin,53209,Central,TEC-AC-10002331,Technology,Accessories,"Maxell 74 Minute CDR, 10/Pack",29.34,3,0,10.8558
8934,CA-2016-102134,3/14/2016,3/19/2016,Standard Class,SP-20545,Sibella Parks,Corporate,United States,Green Bay,Wisconsin,54302,Central,FUR-FU-10003724,Furniture,Furnishings,Westinghouse Clip-On Gooseneck Lamps,16.74,2,0,4.3524
8935,CA-2017-130036,8/27/2017,8/27/2017,Same Day,BP-11185,Ben Peterman,Corporate,United States,Philadelphia,Pennsylvania,19120,East,OFF-PA-10000528,Office Supplies,Paper,Xerox 1981,12.672,3,0.2,3.96
8936,CA-2017-130036,8/27/2017,8/27/2017,Same Day,BP-11185,Ben Peterman,Corporate,United States,Philadelphia,Pennsylvania,19120,East,TEC-AC-10001908,Technology,Accessories,Logitech Wireless Headset h800,1119.888,14,0.2,209.979
8937,CA-2015-134117,12/17/2015,12/19/2015,Second Class,PG-18895,Paul Gonzalez,Consumer,United States,Los Angeles,California,90008,West,OFF-AR-10003903,Office Supplies,Art,Sanford 52201 APSCO Electric Pencil Sharpener,204.85,5,0,53.261
8938,CA-2015-134117,12/17/2015,12/19/2015,Second Class,PG-18895,Paul Gonzalez,Consumer,United States,Los Angeles,California,90008,West,TEC-PH-10004908,Technology,Phones,Panasonic KX TS3282W Corded phone,135.984,2,0.2,16.998
8939,CA-2015-134117,12/17/2015,12/19/2015,Second Class,PG-18895,Paul Gonzalez,Consumer,United States,Los Angeles,California,90008,West,OFF-AR-10001940,Office Supplies,Art,"Sanford Colorific Eraseable Coloring Pencils, 12 Count",16.4,5,0,7.052
8940,CA-2015-134117,12/17/2015,12/19/2015,Second Class,PG-18895,Paul Gonzalez,Consumer,United States,Los Angeles,California,90008,West,OFF-BI-10002026,Office Supplies,Binders,Avery Arch Ring Binders,92.96,2,0.2,31.374
8941,CA-2014-130918,8/22/2014,8/24/2014,Second Class,JP-15520,Jeremy Pistek,Consumer,United States,North Miami,Florida,33161,South,OFF-SU-10003936,Office Supplies,Supplies,Acme Serrated Blade Letter Opener,7.632,3,0.2,-1.8126
8942,CA-2016-159023,11/3/2016,11/5/2016,First Class,NW-18400,Natalie Webber,Consumer,United States,Portland,Oregon,97206,West,OFF-BI-10002813,Office Supplies,Binders,Avery Reinforcements for Hole-Punch Pages,4.158,7,0.7,-3.465
8943,CA-2016-159023,11/3/2016,11/5/2016,First Class,NW-18400,Natalie Webber,Consumer,United States,Portland,Oregon,97206,West,TEC-MA-10003337,Technology,Machines,Okidata B401 Printer,179.991,3,0.7,-251.9874
8944,CA-2017-111717,10/10/2017,10/16/2017,Standard Class,SW-20245,Scot Wooten,Consumer,United States,Aurora,Illinois,60505,Central,FUR-CH-10001545,Furniture,Chairs,Hon Comfortask Task/Swivel Chairs,239.358,3,0.3,-47.8716
8945,CA-2014-154592,12/7/2014,12/8/2014,First Class,EH-14005,Erica Hernandez,Home Office,United States,San Francisco,California,94109,West,OFF-PA-10000062,Office Supplies,Paper,Green Bar Computer Printout Paper,164.88,3,0,80.7912
8946,CA-2014-128622,11/15/2014,11/17/2014,Second Class,SC-20260,Scott Cohen,Corporate,United States,San Francisco,California,94110,West,OFF-SU-10001574,Office Supplies,Supplies,Acme Value Line Scissors,10.95,3,0,3.285
8947,CA-2017-148355,12/24/2017,12/28/2017,Standard Class,NC-18535,Nick Crebassa,Corporate,United States,New Bedford,Massachusetts,2740,East,OFF-PA-10001972,Office Supplies,Paper,Xerox 214,19.44,3,0,9.3312
8948,CA-2017-148355,12/24/2017,12/28/2017,Standard Class,NC-18535,Nick Crebassa,Corporate,United States,New Bedford,Massachusetts,2740,East,OFF-BI-10000201,Office Supplies,Binders,"Avery Triangle Shaped Sheet Lifters, Black, 2/Pack",12.3,5,0,6.15
8949,CA-2014-132913,12/24/2014,12/26/2014,First Class,AS-10090,Adam Shillingsburg,Consumer,United States,San Diego,California,92037,West,OFF-AP-10003278,Office Supplies,Appliances,Belkin 7-Outlet SurgeMaster Home Series,13.97,1,0,3.6322
8950,CA-2017-150910,12/22/2017,12/28/2017,Standard Class,JL-15130,Jack Lebron,Consumer,United States,Jackson,Tennessee,38301,South,FUR-TA-10002903,Furniture,Tables,"Bevis Round Bullnose 29"" High Table Top",934.956,6,0.4,-249.3216
8951,CA-2017-150910,12/22/2017,12/28/2017,Standard Class,JL-15130,Jack Lebron,Consumer,United States,Jackson,Tennessee,38301,South,TEC-AC-10001013,Technology,Accessories,Logitech ClearChat Comfort/USB Headset H390,46.864,2,0.2,7.6154
8952,CA-2017-150910,12/22/2017,12/28/2017,Standard Class,JL-15130,Jack Lebron,Consumer,United States,Jackson,Tennessee,38301,South,OFF-ST-10000918,Office Supplies,Storage,Crate-A-Files,26.16,3,0.2,1.962
8953,CA-2017-150910,12/22/2017,12/28/2017,Standard Class,JL-15130,Jack Lebron,Consumer,United States,Jackson,Tennessee,38301,South,OFF-AR-10001419,Office Supplies,Art,Newell 325,23.128,7,0.2,2.891
8954,CA-2017-150910,12/22/2017,12/28/2017,Standard Class,JL-15130,Jack Lebron,Consumer,United States,Jackson,Tennessee,38301,South,OFF-AP-10003266,Office Supplies,Appliances,"Holmes Replacement Filter for HEPA Air Cleaner, Large Room",59.24,5,0.2,16.291
8955,CA-2014-156790,8/8/2014,8/10/2014,Second Class,VG-21790,Vivek Gonzalez,Consumer,United States,Jacksonville,Florida,32216,South,FUR-BO-10000468,Furniture,Bookcases,O'Sullivan 2-Shelf Heavy-Duty Bookcases,155.456,4,0.2,-7.7728
8956,CA-2014-126480,9/20/2014,9/24/2014,Standard Class,HG-14965,Henry Goldwyn,Corporate,United States,San Diego,California,92024,West,OFF-PA-10004610,Office Supplies,Paper,Xerox 1900,8.56,2,0,3.852
8957,CA-2017-105620,12/25/2017,12/28/2017,First Class,JH-15430,Jennifer Halladay,Consumer,United States,Hialeah,Florida,33012,South,FUR-FU-10004963,Furniture,Furnishings,"Eldon 400 Class Desk Accessories, Black Carbon",21,3,0.2,5.775
8958,CA-2017-105620,12/25/2017,12/28/2017,First Class,JH-15430,Jennifer Halladay,Consumer,United States,Hialeah,Florida,33012,South,TEC-MA-10004626,Technology,Machines,Lexmark 20R1285 X6650 Wireless All-in-One Printer,120,2,0.5,-7.2
8959,CA-2017-150266,11/25/2017,11/30/2017,Standard Class,RO-19780,Rose O'Brian,Consumer,United States,Houston,Texas,77070,Central,TEC-PH-10003437,Technology,Phones,Blue Parrot B250XT Professional Grade Wireless Bluetooth Headset with,299.96,5,0.2,37.495
8960,CA-2017-150266,11/25/2017,11/30/2017,Standard Class,RO-19780,Rose O'Brian,Consumer,United States,Houston,Texas,77070,Central,OFF-AP-10002867,Office Supplies,Appliances,Fellowes Command Center 5-outlet power strip,67.84,5,0.8,-179.776
8961,CA-2017-150266,11/25/2017,11/30/2017,Standard Class,RO-19780,Rose O'Brian,Consumer,United States,Houston,Texas,77070,Central,FUR-CH-10002126,Furniture,Chairs,Hon Deluxe Fabric Upholstered Stacking Chairs,853.93,5,0.3,-24.398
8962,CA-2017-150266,11/25/2017,11/30/2017,Standard Class,RO-19780,Rose O'Brian,Consumer,United States,Houston,Texas,77070,Central,OFF-AR-10001761,Office Supplies,Art,Avery Hi-Liter Smear-Safe Highlighters,18.688,4,0.2,3.7376
8963,CA-2016-157280,11/5/2016,11/7/2016,First Class,LW-17125,Liz Willingham,Consumer,United States,Virginia Beach,Virginia,23464,South,FUR-FU-10004665,Furniture,Furnishings,"3M Polarizing Task Lamp with Clamp Arm, Light Gray",273.96,2,0,71.2296
8964,CA-2016-157280,11/5/2016,11/7/2016,First Class,LW-17125,Liz Willingham,Consumer,United States,Virginia Beach,Virginia,23464,South,TEC-AC-10000057,Technology,Accessories,Microsoft Natural Ergonomic Keyboard 4000,89.97,3,0,18.8937
8965,CA-2016-157280,11/5/2016,11/7/2016,First Class,LW-17125,Liz Willingham,Consumer,United States,Virginia Beach,Virginia,23464,South,FUR-FU-10003806,Furniture,Furnishings,"Tenex Chairmat w/ Average Lip, 45"" x 53""",756.8,5,0,75.68
8966,CA-2017-106691,11/6/2017,11/12/2017,Standard Class,CC-12370,Christopher Conant,Consumer,United States,Houston,Texas,77070,Central,OFF-BI-10000145,Office Supplies,Binders,Zipper Ring Binder Pockets,1.248,2,0.8,-1.9344
8967,CA-2016-134180,11/3/2016,11/7/2016,Standard Class,JP-16135,Julie Prescott,Home Office,United States,Philadelphia,Pennsylvania,19120,East,TEC-AC-10000892,Technology,Accessories,NETGEAR N750 Dual Band Wi-Fi Gigabit Router,72,1,0.2,14.4
8968,CA-2016-134180,11/3/2016,11/7/2016,Standard Class,JP-16135,Julie Prescott,Home Office,United States,Philadelphia,Pennsylvania,19120,East,FUR-CH-10004886,Furniture,Chairs,Bevis Steel Folding Chairs,470.155,7,0.3,-13.433
8969,CA-2014-166730,12/30/2014,1/1/2015,First Class,DD-13570,Dorothy Dickinson,Consumer,United States,Memphis,Tennessee,38109,South,OFF-ST-10002554,Office Supplies,Storage,Tennsco Industrial Shelving,39.128,1,0.2,-8.8038
8970,CA-2017-157469,12/2/2017,12/7/2017,Standard Class,ES-14080,Erin Smith,Corporate,United States,Lakewood,Ohio,44107,East,OFF-AR-10001662,Office Supplies,Art,Rogers Handheld Barrel Pencil Sharpener,19.728,9,0.2,1.7262
8971,CA-2017-157469,12/2/2017,12/7/2017,Standard Class,ES-14080,Erin Smith,Corporate,United States,Lakewood,Ohio,44107,East,TEC-PH-10004531,Technology,Phones,AT&T CL2909,151.188,2,0.4,-25.198
8972,CA-2017-122308,3/24/2017,3/28/2017,Standard Class,MV-17485,Mark Van Huff,Consumer,United States,New York City,New York,10011,East,FUR-CH-10000665,Furniture,Chairs,"Global Airflow Leather Mesh Back Chair, Black",271.764,2,0.1,60.392
8973,US-2014-149034,11/19/2014,11/21/2014,First Class,RD-19900,Ruben Dartt,Consumer,United States,Philadelphia,Pennsylvania,19120,East,TEC-AC-10003023,Technology,Accessories,Logitech G105 Gaming Keyboard,47.496,1,0.2,-1.1874
8974,CA-2017-159226,4/25/2017,4/27/2017,Second Class,RL-19615,Rob Lucas,Consumer,United States,Los Angeles,California,90008,West,FUR-BO-10004709,Furniture,Bookcases,"Bush Westfield Collection Bookcases, Medium Cherry Finish",344.981,7,0.15,28.4102
8975,CA-2017-156622,11/23/2017,11/26/2017,First Class,JP-15460,Jennifer Patt,Corporate,United States,Dallas,Texas,75220,Central,OFF-PA-10000477,Office Supplies,Paper,Xerox 22,36.288,7,0.2,12.7008
8976,CA-2017-156622,11/23/2017,11/26/2017,First Class,JP-15460,Jennifer Patt,Corporate,United States,Dallas,Texas,75220,Central,OFF-PA-10002923,Office Supplies,Paper,Xerox 1942,78.304,2,0.2,29.364
8977,CA-2017-156622,11/23/2017,11/26/2017,First Class,JP-15460,Jennifer Patt,Corporate,United States,Dallas,Texas,75220,Central,FUR-TA-10003008,Furniture,Tables,"Lesro Round Back Collection Coffee Table, End Table",127.785,1,0.3,-31.0335
8978,CA-2017-156622,11/23/2017,11/26/2017,First Class,JP-15460,Jennifer Patt,Corporate,United States,Dallas,Texas,75220,Central,OFF-BI-10003707,Office Supplies,Binders,Aluminum Screw Posts,6.104,2,0.8,-9.156
8979,CA-2014-119529,11/3/2014,11/5/2014,Second Class,DM-13345,Denise Monton,Corporate,United States,Orange,New Jersey,7050,East,OFF-BI-10000546,Office Supplies,Binders,Avery Durable Binders,5.76,2,0,2.8224
8980,CA-2015-150413,10/19/2015,10/24/2015,Second Class,CS-11860,Cari Schnelling,Consumer,United States,Dallas,Texas,75220,Central,OFF-BI-10000404,Office Supplies,Binders,Avery Printable Repositionable Plastic Tabs,1.72,1,0.8,-2.838
8981,CA-2014-108182,2/6/2014,2/10/2014,Second Class,DL-13315,Delfina Latchford,Consumer,United States,Romeoville,Illinois,60441,Central,OFF-BI-10001196,Office Supplies,Binders,"Avery Flip-Chart Easel Binder, Black",8.952,2,0.8,-14.7708
8982,CA-2016-110898,3/6/2016,3/12/2016,Standard Class,LC-16870,Lena Cacioppo,Consumer,United States,Chicago,Illinois,60623,Central,OFF-AP-10001626,Office Supplies,Appliances,"Commercial WindTunnel Clean Air Upright Vacuum, Replacement Belts, Filtration Bags",2.334,3,0.8,-6.3018
8983,CA-2016-110898,3/6/2016,3/12/2016,Standard Class,LC-16870,Lena Cacioppo,Consumer,United States,Chicago,Illinois,60623,Central,OFF-BI-10004656,Office Supplies,Binders,Peel & Stick Add-On Corner Pockets,1.728,4,0.8,-2.7648
8984,CA-2016-110898,3/6/2016,3/12/2016,Standard Class,LC-16870,Lena Cacioppo,Consumer,United States,Chicago,Illinois,60623,Central,FUR-FU-10003773,Furniture,Furnishings,Eldon Cleatmat Plus Chair Mats for High Pile Carpets,159.04,5,0.6,-194.824
8985,CA-2016-110898,3/6/2016,3/12/2016,Standard Class,LC-16870,Lena Cacioppo,Consumer,United States,Chicago,Illinois,60623,Central,FUR-TA-10000849,Furniture,Tables,Bevis Rectangular Conference Tables,145.98,2,0.5,-99.2664
8986,CA-2015-123092,12/3/2015,12/7/2015,Standard Class,JG-15115,Jack Garza,Consumer,United States,Jacksonville,North Carolina,28540,South,FUR-FU-10000222,Furniture,Furnishings,"Seth Thomas 16"" Steel Case Clock",77.952,3,0.2,12.6672
8987,CA-2015-123092,12/3/2015,12/7/2015,Standard Class,JG-15115,Jack Garza,Consumer,United States,Jacksonville,North Carolina,28540,South,OFF-BI-10001718,Office Supplies,Binders,GBC DocuBind P50 Personal Binding Machine,95.97,5,0.7,-73.577
8988,CA-2015-123092,12/3/2015,12/7/2015,Standard Class,JG-15115,Jack Garza,Consumer,United States,Jacksonville,North Carolina,28540,South,TEC-PH-10001700,Technology,Phones,Panasonic KX-TG6844B Expandable Digital Cordless Telephone,105.584,2,0.2,9.2386
8989,CA-2015-123092,12/3/2015,12/7/2015,Standard Class,JG-15115,Jack Garza,Consumer,United States,Jacksonville,North Carolina,28540,South,OFF-AR-10004078,Office Supplies,Art,Newell 312,9.344,2,0.2,1.168
8990,US-2015-128587,12/24/2015,12/30/2015,Standard Class,HM-14860,Harry Marie,Corporate,United States,Springfield,Missouri,65807,Central,FUR-FU-10003026,Furniture,Furnishings,"Eldon Regeneration Recycled Desk Accessories, Black",9.68,2,0,3.7752
8991,US-2015-128587,12/24/2015,12/30/2015,Standard Class,HM-14860,Harry Marie,Corporate,United States,Springfield,Missouri,65807,Central,TEC-CO-10003763,Technology,Copiers,Canon PC1060 Personal Laser Copier,4899.93,7,0,2302.9671
8992,US-2017-139577,10/1/2017,10/6/2017,Standard Class,TN-21040,Tanja Norvell,Home Office,United States,San Francisco,California,94110,West,TEC-AC-10004708,Technology,Accessories,Sony 32GB Class 10 Micro SDHC R40 Memory Card,104.75,5,0,21.9975
8993,CA-2017-159100,10/16/2017,10/21/2017,Standard Class,VP-21760,Victoria Pisteka,Corporate,United States,Columbia,Tennessee,38401,South,TEC-AC-10003499,Technology,Accessories,Memorex Mini Travel Drive 8 GB USB 2.0 Flash Drive,18.528,2,0.2,4.4004
8994,CA-2017-159100,10/16/2017,10/21/2017,Standard Class,VP-21760,Victoria Pisteka,Corporate,United States,Columbia,Tennessee,38401,South,FUR-TA-10001950,Furniture,Tables,Balt Solid Wood Round Tables,1875.258,7,0.4,-968.8833
8995,CA-2014-109043,8/15/2014,8/17/2014,First Class,CS-12355,Christine Sundaresam,Consumer,United States,Hollywood,Florida,33021,South,OFF-PA-10000312,Office Supplies,Paper,Xerox 1955,91.36,5,0.2,29.692
8996,CA-2014-109043,8/15/2014,8/17/2014,First Class,CS-12355,Christine Sundaresam,Consumer,United States,Hollywood,Florida,33021,South,OFF-AP-10004708,Office Supplies,Appliances,Fellowes Superior 10 Outlet Split Surge Protector,152.24,5,0.2,17.127
8997,US-2017-116491,11/11/2017,11/13/2017,First Class,PG-18820,Patrick Gardner,Consumer,United States,Dallas,Texas,75081,Central,TEC-PH-10004531,Technology,Phones,OtterBox Commuter Series Case - iPhone 5 & 5s,35.184,2,0.2,12.3144
8998,CA-2017-122763,3/20/2017,3/20/2017,Same Day,HG-14845,Harry Greene,Consumer,United States,Houston,Texas,77041,Central,OFF-PA-10000474,Office Supplies,Paper,Easy-staple paper,56.704,2,0.2,19.1376
8999,CA-2017-122763,3/20/2017,3/20/2017,Same Day,HG-14845,Harry Greene,Consumer,United States,Houston,Texas,77041,Central,OFF-PA-10002377,Office Supplies,Paper,Xerox 1916,274.064,7,0.2,102.774
9000,CA-2017-137785,5/13/2017,5/17/2017,Standard Class,MH-18115,Mick Hernandez,Home Office,United States,Philadelphia,Pennsylvania,19140,East,FUR-CH-10001482,Furniture,Chairs,Office Star - Mesh Screen back chair with Vinyl seat,458.43,5,0.3,-124.431
9001,CA-2014-133389,6/22/2014,6/22/2014,Same Day,TB-21280,Toby Braunhardt,Consumer,United States,Phoenix,Arizona,85023,West,OFF-BI-10001553,Office Supplies,Binders,SpineVue Locking Slant-D Ring Binders by Cardinal,8.226,3,0.7,-6.0324
9002,CA-2014-103807,12/2/2014,12/9/2014,Standard Class,EM-13825,Elizabeth Moffitt,Corporate,United States,Sandy Springs,Georgia,30328,South,TEC-AC-10000199,Technology,Accessories,Kingston Digital DataTraveler 8GB USB 2.0,5.95,1,0,0.833
9003,CA-2014-103807,12/2/2014,12/9/2014,Standard Class,EM-13825,Elizabeth Moffitt,Corporate,United States,Sandy Springs,Georgia,30328,South,OFF-PA-10002195,Office Supplies,Paper,"RSVP Cards & Envelopes, Blank White, 8-1/2"" X 11"", 24 Cards/25 Envelopes/Set",15.24,3,0,7.1628
9004,CA-2015-102855,4/5/2015,4/6/2015,Same Day,JF-15415,Jennifer Ferguson,Consumer,United States,Spokane,Washington,99207,West,TEC-AC-10001767,Technology,Accessories,SanDisk Ultra 64 GB MicroSDHC Class 10 Memory Card,239.94,6,0,26.3934
9005,CA-2015-102855,4/5/2015,4/6/2015,Same Day,JF-15415,Jennifer Ferguson,Consumer,United States,Spokane,Washington,99207,West,OFF-AR-10002467,Office Supplies,Art,Dixon Ticonderoga Pencils,23.84,8,0,6.4368
9006,CA-2017-107825,11/18/2017,11/18/2017,Same Day,NB-18655,Nona Balk,Corporate,United States,Milwaukee,Wisconsin,53209,Central,OFF-ST-10001321,Office Supplies,Storage,"Decoflex Hanging Personal Folder File, Blue",92.52,6,0,24.9804
9007,CA-2017-107825,11/18/2017,11/18/2017,Same Day,NB-18655,Nona Balk,Corporate,United States,Milwaukee,Wisconsin,53209,Central,OFF-ST-10000777,Office Supplies,Storage,"Companion Letter/Legal File, Black",37.76,1,0,10.5728
9008,CA-2017-107825,11/18/2017,11/18/2017,Same Day,NB-18655,Nona Balk,Corporate,United States,Milwaukee,Wisconsin,53209,Central,OFF-LA-10003720,Office Supplies,Labels,Avery 487,7.38,2,0,3.4686
9009,CA-2017-107825,11/18/2017,11/18/2017,Same Day,NB-18655,Nona Balk,Corporate,United States,Milwaukee,Wisconsin,53209,Central,FUR-FU-10000206,Furniture,Furnishings,"GE General Purpose, Extra Long Life, Showcase & Floodlight Incandescent Bulbs",5.82,2,0,2.7354
9010,CA-2017-106047,7/12/2017,7/18/2017,Standard Class,CS-11860,Cari Schnelling,Consumer,United States,Fairfield,Ohio,45014,East,OFF-PA-10000791,Office Supplies,Paper,"Wirebound Message Books, Four 2 3/4 x 5 Forms per Page, 200 Sets per Book",3.816,1,0.2,1.1925
9011,CA-2017-127803,5/19/2017,5/23/2017,Standard Class,ND-18460,Neil Ducich,Corporate,United States,Huntsville,Alabama,35810,South,OFF-BI-10001787,Office Supplies,Binders,Wilson Jones Four-Pocket Poly Binders,26.16,4,0,12.8184
9012,CA-2015-137071,12/20/2015,12/21/2015,First Class,ED-13885,Emily Ducich,Home Office,United States,Houston,Texas,77036,Central,TEC-AC-10004353,Technology,Accessories,Hypercom P1300 Pinpad,100.8,2,0.2,21.42
9013,CA-2016-121447,2/21/2016,2/22/2016,First Class,EA-14035,Erin Ashbrook,Corporate,United States,New York City,New York,10011,East,FUR-FU-10001861,Furniture,Furnishings,"Floodlight Indoor Halogen Bulbs, 1 Bulb per Pack, 60 Watts",135.8,7,0,66.542
9014,CA-2017-143084,3/18/2017,3/22/2017,Standard Class,BP-11050,Barry Pond,Corporate,United States,Los Angeles,California,90008,West,OFF-AR-10002766,Office Supplies,Art,Prang Drawing Pencil Set,13.9,5,0,3.753
9015,CA-2017-143084,3/18/2017,3/22/2017,Standard Class,BP-11050,Barry Pond,Corporate,United States,Los Angeles,California,90008,West,OFF-EN-10003072,Office Supplies,Envelopes,Peel & Seel Envelopes,19.4,5,0,9.312
9016,CA-2016-131639,12/17/2016,12/23/2016,Standard Class,NS-18640,Noel Staavos,Corporate,United States,Carlsbad,New Mexico,88220,West,OFF-BI-10001636,Office Supplies,Binders,Ibico Plastic and Wire Spiral Binding Combs,13.488,2,0.2,4.3836
9017,CA-2016-131639,12/17/2016,12/23/2016,Standard Class,NS-18640,Noel Staavos,Corporate,United States,Carlsbad,New Mexico,88220,West,OFF-BI-10000948,Office Supplies,Binders,"GBC Laser Imprintable Binding System Covers, Desert Sand",11.416,1,0.2,3.8529
9018,CA-2016-161361,3/26/2016,3/28/2016,Second Class,MV-17485,Mark Van Huff,Consumer,United States,Pocatello,Idaho,83201,West,OFF-PA-10001838,Office Supplies,Paper,"Adams Telephone Message Book W/Dividers/Space For Phone Numbers, 5 1/4""X8 1/2"", 300/Messages",17.64,3,0,8.6436
9019,CA-2016-161361,3/26/2016,3/28/2016,Second Class,MV-17485,Mark Van Huff,Consumer,United States,Pocatello,Idaho,83201,West,OFF-BI-10002215,Office Supplies,Binders,"Wilson Jones Hanging View Binder, White, 1""",17.04,3,0.2,5.538
9020,CA-2014-100706,12/16/2014,12/18/2014,Second Class,LE-16810,Laurel Elliston,Consumer,United States,Springfield,Virginia,22153,South,TEC-AC-10001314,Technology,Accessories,Case Logic 2.4GHz Wireless Keyboard,99.98,2,0,7.9984
9021,CA-2014-100706,12/16/2014,12/18/2014,Second Class,LE-16810,Laurel Elliston,Consumer,United States,Springfield,Virginia,22153,South,FUR-FU-10002268,Furniture,Furnishings,Ultra Door Push Plate,29.46,6,0,9.7218
9022,CA-2015-129525,11/15/2015,11/20/2015,Standard Class,VP-21760,Victoria Pisteka,Corporate,United States,Toledo,Ohio,43615,East,OFF-BI-10002133,Office Supplies,Binders,"Wilson Jones Elliptical Ring 3 1/2"" Capacity Binders, 800 sheets",166.92,13,0.7,-116.844
9023,US-2016-141880,8/22/2016,8/23/2016,First Class,TC-21475,Tony Chapman,Home Office,United States,Fort Collins,Colorado,80525,West,FUR-FU-10001979,Furniture,Furnishings,Dana Halogen Swing-Arm Architect Lamp,98.328,3,0.2,9.8328
9024,CA-2015-165799,6/29/2015,7/2/2015,First Class,SG-20470,Sheri Gordon,Consumer,United States,New York City,New York,10024,East,FUR-CH-10001482,Furniture,Chairs,Office Star - Mesh Screen back chair with Vinyl seat,117.882,1,0.1,1.3098
9025,CA-2016-102127,6/26/2016,7/2/2016,Standard Class,VP-21760,Victoria Pisteka,Corporate,United States,New York City,New York,10035,East,TEC-AC-10002018,Technology,Accessories,AmazonBasics 3-Button USB Wired Mouse,20.97,3,0,9.0171
9026,CA-2016-102127,6/26/2016,7/2/2016,Standard Class,VP-21760,Victoria Pisteka,Corporate,United States,New York City,New York,10035,East,TEC-AC-10000397,Technology,Accessories,"Perixx PERIBOARD-512B, Ergonomic Split Keyboard",139.96,4,0,9.7972
9027,CA-2016-102127,6/26/2016,7/2/2016,Standard Class,VP-21760,Victoria Pisteka,Corporate,United States,New York City,New York,10035,East,FUR-FU-10003976,Furniture,Furnishings,"DAX Executive Solid Wood Document Frame, Desktop or Hang, Mahogany, 5 x 7",37.74,3,0,12.8316
9028,US-2016-152415,9/17/2016,9/22/2016,Standard Class,PO-18865,Patrick O'Donnell,Consumer,United States,Marlborough,Massachusetts,1752,East,FUR-FU-10002597,Furniture,Furnishings,"C-Line Magnetic Cubicle Keepers, Clear Polypropylene",14.82,3,0,6.2244
9029,US-2016-152415,9/17/2016,9/22/2016,Standard Class,PO-18865,Patrick O'Donnell,Consumer,United States,Marlborough,Massachusetts,1752,East,FUR-FU-10004864,Furniture,Furnishings,"Howard Miller 14-1/2"" Diameter Chrome Round Wall Clock",191.82,3,0,61.3824
9030,CA-2014-138198,7/18/2014,7/23/2014,Standard Class,JL-15130,Jack Lebron,Consumer,United States,New Rochelle,New York,10801,East,OFF-BI-10002103,Office Supplies,Binders,"Cardinal Slant-D Ring Binder, Heavy Gauge Vinyl",13.904,2,0.2,4.5188
9031,CA-2017-128041,9/1/2017,9/1/2017,Same Day,RW-19540,Rick Wilson,Corporate,United States,Seattle,Washington,98103,West,OFF-AP-10001005,Office Supplies,Appliances,Honeywell Quietcare HEPA Air Cleaner,314.6,4,0,103.818
9032,CA-2017-128041,9/1/2017,9/1/2017,Same Day,RW-19540,Rick Wilson,Corporate,United States,Seattle,Washington,98103,West,FUR-TA-10002607,Furniture,Tables,KI Conference Tables,283.56,4,0,45.3696
9033,CA-2017-105823,6/22/2017,6/26/2017,Standard Class,RB-19465,Rick Bensley,Home Office,United States,Detroit,Michigan,48227,Central,FUR-CH-10000454,Furniture,Chairs,"Hon Deluxe Fabric Upholstered Stacking Chairs, Rounded Back",487.96,2,0,146.388
9034,CA-2014-152268,9/2/2014,9/7/2014,Standard Class,SC-20095,Sanjit Chand,Consumer,United States,Fayetteville,Arkansas,72701,South,OFF-BI-10001359,Office Supplies,Binders,GBC DocuBind TL300 Electric Binding System,1793.98,2,0,843.1706
9035,CA-2015-148873,10/1/2015,10/5/2015,Standard Class,EM-13960,Eric Murdock,Consumer,United States,Quincy,Illinois,62301,Central,OFF-BI-10003196,Office Supplies,Binders,Accohide Poly Flexible Ring Binders,2.992,4,0.8,-4.488
9036,CA-2015-148873,10/1/2015,10/5/2015,Standard Class,EM-13960,Eric Murdock,Consumer,United States,Quincy,Illinois,62301,Central,TEC-AC-10003657,Technology,Accessories,Lenovo 17-Key USB Numeric Keypad,108.768,4,0.2,2.7192
9037,CA-2015-166492,4/7/2015,4/10/2015,First Class,RP-19390,Resi Pölking,Consumer,United States,New York City,New York,10035,East,OFF-PA-10002262,Office Supplies,Paper,Xerox 192,25.92,4,0,12.4416
9038,CA-2015-166492,4/7/2015,4/10/2015,First Class,RP-19390,Resi Pölking,Consumer,United States,New York City,New York,10035,East,OFF-ST-10002214,Office Supplies,Storage,X-Rack File for Hanging Folders,22.58,2,0,5.8708
9039,CA-2017-157420,11/21/2017,11/21/2017,Same Day,HZ-14950,Henia Zydlo,Consumer,United States,Houston,Texas,77095,Central,TEC-PH-10003555,Technology,Phones,Motorola HK250 Universal Bluetooth Headset,55.176,3,0.2,-12.4146
9040,CA-2016-117121,12/17/2016,12/21/2016,Standard Class,AB-10105,Adrian Barton,Consumer,United States,Detroit,Michigan,48205,Central,OFF-BI-10000545,Office Supplies,Binders,GBC Ibimaster 500 Manual ProClick Binding System,9892.74,13,0,4946.37
9041,CA-2014-138177,9/19/2014,9/24/2014,Standard Class,ND-18460,Neil Ducich,Corporate,United States,Chandler,Arizona,85224,West,FUR-TA-10004607,Furniture,Tables,Hon 2111 Invitation Series Straight Table,73.915,1,0.5,-45.8273
9042,CA-2014-114335,9/28/2014,10/3/2014,Standard Class,XP-21865,Xylona Preis,Consumer,United States,Hollywood,Florida,33021,South,FUR-FU-10000277,Furniture,Furnishings,Deflect-o DuraMat Antistatic Studded Beveled Mat for Medium Pile Carpeting,337.088,4,0.2,16.8544
9043,CA-2015-168760,9/22/2015,9/26/2015,Second Class,MM-18280,Muhammed MacIntyre,Corporate,United States,Los Angeles,California,90049,West,OFF-AP-10004532,Office Supplies,Appliances,Kensington 6 Outlet Guardian Standard Surge Protector,61.44,3,0,16.5888
9044,CA-2016-168830,11/7/2016,11/13/2016,Standard Class,ML-17395,Marina Lichtenstein,Corporate,United States,San Francisco,California,94122,West,TEC-AC-10003911,Technology,Accessories,NETGEAR AC1750 Dual Band Gigabit Smart WiFi Router,479.97,3,0,163.1898
9045,CA-2017-137463,12/16/2017,12/20/2017,Second Class,KM-16225,Kalyca Meade,Corporate,United States,Sunnyvale,California,94086,West,OFF-BI-10003196,Office Supplies,Binders,Accohide Poly Flexible Ring Binders,5.984,2,0.2,2.244
9046,CA-2017-137463,12/16/2017,12/20/2017,Second Class,KM-16225,Kalyca Meade,Corporate,United States,Sunnyvale,California,94086,West,TEC-AC-10000358,Technology,Accessories,Imation Secure Drive + Hardware Encrypted USB flash drive - 16 GB,189.95,5,0,45.588
9047,CA-2017-137463,12/16/2017,12/20/2017,Second Class,KM-16225,Kalyca Meade,Corporate,United States,Sunnyvale,California,94086,West,TEC-AC-10000057,Technology,Accessories,Microsoft Natural Ergonomic Keyboard 4000,149.95,5,0,31.4895
9048,CA-2017-137463,12/16/2017,12/20/2017,Second Class,KM-16225,Kalyca Meade,Corporate,United States,Sunnyvale,California,94086,West,OFF-AR-10001988,Office Supplies,Art,Bulldog Table or Wall-Mount Pencil Sharpener,29.95,5,0,8.6855
9049,CA-2017-137463,12/16/2017,12/20/2017,Second Class,KM-16225,Kalyca Meade,Corporate,United States,Sunnyvale,California,94086,West,OFF-LA-10003498,Office Supplies,Labels,Avery 475,44.4,3,0,22.2
9050,CA-2014-124513,9/21/2014,9/25/2014,Standard Class,SL-20155,Sara Luxemburg,Home Office,United States,New York City,New York,10011,East,OFF-AR-10002956,Office Supplies,Art,Boston 16801 Nautilus Battery Pencil Sharpener,66.03,3,0,17.1678
9051,CA-2015-165554,5/18/2015,5/22/2015,Standard Class,AJ-10780,Anthony Jacobs,Corporate,United States,Los Angeles,California,90004,West,OFF-PA-10003724,Office Supplies,Paper,"Wirebound Message Book, 4 per Page",10.86,2,0,5.3214
9052,CA-2014-141838,3/26/2014,3/31/2014,Second Class,DK-12835,Damala Kotsonis,Corporate,United States,San Francisco,California,94122,West,OFF-AR-10004272,Office Supplies,Art,Newell 308,3.36,2,0,0.84
9053,CA-2014-141838,3/26/2014,3/31/2014,Second Class,DK-12835,Damala Kotsonis,Corporate,United States,San Francisco,California,94122,West,OFF-BI-10003291,Office Supplies,Binders,Wilson Jones Leather-Like Binders with DublLock Round Rings,27.936,4,0.2,9.4284
9054,CA-2014-141838,3/26/2014,3/31/2014,Second Class,DK-12835,Damala Kotsonis,Corporate,United States,San Francisco,California,94122,West,TEC-PH-10004100,Technology,Phones,Griffin GC17055 Auxiliary Audio Cable,28.784,2,0.2,2.8784
9055,CA-2017-117009,9/22/2017,9/28/2017,Standard Class,BK-11260,Berenike Kampe,Consumer,United States,Santa Ana,California,92704,West,OFF-SU-10001218,Office Supplies,Supplies,Fiskars Softgrip Scissors,21.96,2,0,6.1488
9056,CA-2015-128993,9/12/2015,9/17/2015,Second Class,CC-12670,Craig Carreira,Consumer,United States,Seattle,Washington,98103,West,TEC-AC-10004209,Technology,Accessories,Memorex Froggy Flash Drive 4 GB,21.98,2,0,8.5722
9057,CA-2015-160227,11/2/2015,11/4/2015,First Class,ED-13885,Emily Ducich,Home Office,United States,New York City,New York,10011,East,FUR-CH-10002073,Furniture,Chairs,Hon Olson Stacker Chairs,2621.322,11,0.1,553.3902
9058,CA-2015-149097,10/20/2015,10/24/2015,Standard Class,SV-20785,Stewart Visinsky,Consumer,United States,Los Angeles,California,90045,West,FUR-FU-10003424,Furniture,Furnishings,Nu-Dell Oak Frame,74.76,7,0,23.9232
9059,CA-2015-149097,10/20/2015,10/24/2015,Standard Class,SV-20785,Stewart Visinsky,Consumer,United States,Los Angeles,California,90045,West,FUR-TA-10001086,Furniture,Tables,"SAFCO PlanMaster Boards, 60w x 37-1/2d, White Melamine",364.776,3,0.2,27.3582
9060,CA-2016-132304,6/14/2016,6/18/2016,Standard Class,AR-10825,Anthony Rawles,Corporate,United States,Seattle,Washington,98103,West,FUR-TA-10004619,Furniture,Tables,Hon Non-Folding Utility Tables,1115.17,7,0,334.551
9061,CA-2015-136420,11/20/2015,11/21/2015,First Class,CS-12250,Chris Selesnick,Corporate,United States,San Diego,California,92024,West,OFF-BI-10002854,Office Supplies,Binders,"Performers Binder/Pad Holder, Black",89.696,4,0.2,33.636
9062,CA-2015-136420,11/20/2015,11/21/2015,First Class,CS-12250,Chris Selesnick,Corporate,United States,San Diego,California,92024,West,OFF-LA-10002762,Office Supplies,Labels,Avery 485,50.12,4,0,23.5564
9063,CA-2016-101623,2/28/2016,3/6/2016,Standard Class,RR-19525,Rick Reed,Corporate,United States,New York City,New York,10035,East,OFF-FA-10003495,Office Supplies,Fasteners,Staples,36.48,6,0,18.24
9064,US-2014-151015,10/14/2014,10/20/2014,Standard Class,BD-11500,Bradley Drucker,Consumer,United States,Chicago,Illinois,60653,Central,OFF-PA-10002581,Office Supplies,Paper,Xerox 1951,322.192,13,0.2,100.685
9065,US-2014-151015,10/14/2014,10/20/2014,Standard Class,BD-11500,Bradley Drucker,Consumer,United States,Chicago,Illinois,60653,Central,OFF-BI-10000343,Office Supplies,Binders,"Pressboard Covers with Storage Hooks, 9 1/2"" x 11"", Light Blue",2.946,3,0.8,-4.8609
9066,US-2014-151015,10/14/2014,10/20/2014,Standard Class,BD-11500,Bradley Drucker,Consumer,United States,Chicago,Illinois,60653,Central,OFF-PA-10001184,Office Supplies,Paper,Xerox 1903,19.136,4,0.2,6.9368
9067,CA-2017-152968,5/26/2017,5/30/2017,Standard Class,BM-11785,Bryan Mills,Consumer,United States,Harrisonburg,Virginia,22801,South,TEC-AC-10000521,Technology,Accessories,"Verbatim Slim CD and DVD Storage Cases, 50/Pack",23.08,2,0,6.924
9068,CA-2016-150077,2/4/2016,2/10/2016,Standard Class,MS-17365,Maribeth Schnelling,Consumer,United States,Rockville,Maryland,20852,East,TEC-PH-10002890,Technology,Phones,AT&T 17929 Lendline Telephone,90.48,2,0,23.5248
9069,CA-2016-106278,9/2/2016,9/5/2016,Second Class,BM-11140,Becky Martin,Consumer,United States,Des Moines,Washington,98198,West,FUR-CH-10003061,Furniture,Chairs,"Global Leather Task Chair, Black",215.976,3,0.2,-2.6997
9070,CA-2016-106278,9/2/2016,9/5/2016,Second Class,BM-11140,Becky Martin,Consumer,United States,Des Moines,Washington,98198,West,OFF-EN-10003567,Office Supplies,Envelopes,"Inter-Office Recycled Envelopes, Brown Kraft, Button-String,10"" x 13"" , 100/Box",65.94,3,0,30.9918
9071,CA-2017-147550,12/4/2017,12/5/2017,First Class,KE-16420,Katrina Edelman,Corporate,United States,Philadelphia,Pennsylvania,19134,East,FUR-FU-10001918,Furniture,Furnishings,C-Line Cubicle Keepers Polyproplyene Holder With Velcro Backings,11.352,3,0.2,2.6961
9072,CA-2015-136105,6/12/2015,6/16/2015,Standard Class,SZ-20035,Sam Zeldin,Home Office,United States,Columbus,Indiana,47201,Central,OFF-ST-10002444,Office Supplies,Storage,Recycled Eldon Regeneration Jumbo File,24.56,2,0,6.8768
9073,CA-2016-142524,9/4/2016,9/8/2016,Standard Class,MB-18085,Mick Brown,Consumer,United States,Springfield,Missouri,65807,Central,OFF-EN-10003286,Office Supplies,Envelopes,Staple envelope,16.56,2,0,7.7832
9074,CA-2016-142524,9/4/2016,9/8/2016,Standard Class,MB-18085,Mick Brown,Consumer,United States,Springfield,Missouri,65807,Central,TEC-AC-10000109,Technology,Accessories,Sony Micro Vault Click 16 GB USB 2.0 Flash Drive,279.95,5,0,67.188
9075,CA-2014-136336,4/21/2014,4/26/2014,Standard Class,DB-13555,Dorothy Badders,Corporate,United States,Henderson,Kentucky,42420,South,OFF-ST-10002574,Office Supplies,Storage,"SAFCO Commercial Wire Shelving, Black",828.84,6,0,0
9076,US-2015-136259,11/5/2015,11/8/2015,First Class,CB-12415,Christy Brittain,Consumer,United States,Lakewood,Ohio,44107,East,OFF-BI-10000773,Office Supplies,Binders,Insertable Tab Post Binder Dividers,7.218,3,0.7,-5.5338
9077,US-2015-136259,11/5/2015,11/8/2015,First Class,CB-12415,Christy Brittain,Consumer,United States,Lakewood,Ohio,44107,East,OFF-SU-10004661,Office Supplies,Supplies,Acme Titanium Bonded Scissors,27.2,4,0.2,2.04
9078,US-2014-124625,11/3/2014,11/7/2014,Standard Class,SP-20650,Stephanie Phelps,Corporate,United States,Omaha,Nebraska,68104,Central,TEC-AC-10003280,Technology,Accessories,Belkin F8E887 USB Wired Ergonomic Keyboard,89.97,3,0,18.8937
9079,CA-2016-108105,2/16/2016,2/23/2016,Standard Class,GW-14605,Giulietta Weimer,Consumer,United States,Henderson,Kentucky,42420,South,FUR-FU-10003773,Furniture,Furnishings,Eldon Cleatmat Plus Chair Mats for High Pile Carpets,318.08,4,0,34.9888
9080,CA-2016-108105,2/16/2016,2/23/2016,Standard Class,GW-14605,Giulietta Weimer,Consumer,United States,Henderson,Kentucky,42420,South,OFF-BI-10002412,Office Supplies,Binders,Wilson Jones “Snap” Scratch Pad Binder Tool for Ring Binders,5.8,1,0,2.61
9081,CA-2017-166898,9/11/2017,9/13/2017,Second Class,KH-16630,Ken Heidel,Corporate,United States,Santa Ana,California,92704,West,TEC-PH-10002564,Technology,Phones,OtterBox Defender Series Case - Samsung Galaxy S4,143.952,6,0.2,17.994
9082,CA-2017-166898,9/11/2017,9/13/2017,Second Class,KH-16630,Ken Heidel,Corporate,United States,Santa Ana,California,92704,West,OFF-PA-10002262,Office Supplies,Paper,Xerox 192,19.44,3,0,9.3312
9083,CA-2017-169005,11/2/2017,11/6/2017,Standard Class,BG-11035,Barry Gonzalez,Consumer,United States,Springfield,Virginia,22153,South,OFF-AR-10000246,Office Supplies,Art,Newell 318,5.56,2,0,1.4456
9084,CA-2015-104038,2/6/2015,2/8/2015,First Class,LO-17170,Lori Olson,Corporate,United States,Suffolk,Virginia,23434,South,OFF-ST-10002554,Office Supplies,Storage,Tennsco Industrial Shelving,146.73,3,0,2.9346
9085,CA-2015-104038,2/6/2015,2/8/2015,First Class,LO-17170,Lori Olson,Corporate,United States,Suffolk,Virginia,23434,South,OFF-PA-10002751,Office Supplies,Paper,Xerox 1920,29.9,5,0,13.455
9086,CA-2016-126102,9/10/2016,9/12/2016,Second Class,DV-13465,Dianna Vittorini,Consumer,United States,Los Angeles,California,90049,West,OFF-BI-10004318,Office Supplies,Binders,Ibico EB-19 Dual Function Manual Binding System,276.784,2,0.2,89.9548
9087,CA-2016-143406,9/26/2016,9/30/2016,Standard Class,LR-17035,Lisa Ryan,Corporate,United States,Houston,Texas,77041,Central,OFF-AP-10001564,Office Supplies,Appliances,Hoover Commercial Lightweight Upright Vacuum with E-Z Empty Dirt Cup,93.032,2,0.8,-251.1864
9088,CA-2016-143406,9/26/2016,9/30/2016,Standard Class,LR-17035,Lisa Ryan,Corporate,United States,Houston,Texas,77041,Central,FUR-CH-10000513,Furniture,Chairs,High-Back Leather Manager's Chair,454.965,5,0.3,-136.4895
9089,CA-2015-150308,12/15/2015,12/20/2015,Standard Class,RR-19525,Rick Reed,Corporate,United States,Cary,North Carolina,27511,South,TEC-PH-10001433,Technology,Phones,Cisco Small Business SPA 502G VoIP phone,246.168,3,0.2,21.5397
9090,CA-2016-131093,9/17/2016,9/20/2016,Second Class,TS-21610,Troy Staebel,Consumer,United States,Springfield,Ohio,45503,East,OFF-ST-10002790,Office Supplies,Storage,Safco Industrial Shelving,295.4,5,0.2,-62.7725
9091,US-2017-148831,10/13/2017,10/15/2017,First Class,AH-10210,Alan Hwang,Consumer,United States,Louisville,Kentucky,40214,South,OFF-ST-10002974,Office Supplies,Storage,"Trav-L-File Heavy-Duty Shuttle II, Black",348.56,8,0,104.568
9092,CA-2015-162950,6/28/2015,7/3/2015,Second Class,DW-13585,Dorothy Wardle,Corporate,United States,Troy,Ohio,45373,East,OFF-PA-10003177,Office Supplies,Paper,Xerox 1999,15.552,3,0.2,5.4432
9093,CA-2015-162950,6/28/2015,7/3/2015,Second Class,DW-13585,Dorothy Wardle,Corporate,United States,Troy,Ohio,45373,East,FUR-BO-10001918,Furniture,Bookcases,"Sauder Forest Hills Library with Doors, Woodland Oak Finish",482.94,6,0.5,-376.6932
9094,US-2015-132836,6/1/2015,6/5/2015,Standard Class,AJ-10945,Ashley Jarboe,Consumer,United States,Detroit,Michigan,48227,Central,TEC-PH-10001299,Technology,Phones,Polycom CX300 Desktop Phone USB VoIP phone,299.98,2,0,83.9944
9095,US-2015-132836,6/1/2015,6/5/2015,Standard Class,AJ-10945,Ashley Jarboe,Consumer,United States,Detroit,Michigan,48227,Central,OFF-BI-10004224,Office Supplies,Binders,Catalog Binders with Expanding Posts,403.68,6,0,181.656
9096,US-2015-132836,6/1/2015,6/5/2015,Standard Class,AJ-10945,Ashley Jarboe,Consumer,United States,Detroit,Michigan,48227,Central,TEC-PH-10001300,Technology,Phones,"iKross Bluetooth Portable Keyboard + Cell Phone Stand Holder + Brush for Apple iPhone 5S 5C 5, 4S 4",41.9,2,0,11.732
9097,US-2015-132836,6/1/2015,6/5/2015,Standard Class,AJ-10945,Ashley Jarboe,Consumer,United States,Detroit,Michigan,48227,Central,OFF-LA-10004178,Office Supplies,Labels,Avery 491,28.91,7,0,13.2986
9098,US-2014-158365,4/12/2014,4/17/2014,Standard Class,SV-20785,Stewart Visinsky,Consumer,United States,Bloomington,Indiana,47401,Central,OFF-PA-10000289,Office Supplies,Paper,Xerox 213,32.4,5,0,15.552
9099,CA-2017-152933,10/12/2017,10/16/2017,Standard Class,MG-17650,Matthew Grinstein,Home Office,United States,Dallas,Texas,75081,Central,TEC-PH-10002085,Technology,Phones,Clarity 53712,369.544,7,0.2,27.7158
9100,CA-2017-152933,10/12/2017,10/16/2017,Standard Class,MG-17650,Matthew Grinstein,Home Office,United States,Dallas,Texas,75081,Central,OFF-PA-10001934,Office Supplies,Paper,Xerox 1993,10.368,2,0.2,3.7584
9101,CA-2017-152933,10/12/2017,10/16/2017,Standard Class,MG-17650,Matthew Grinstein,Home Office,United States,Dallas,Texas,75081,Central,TEC-AC-10003033,Technology,Accessories,Plantronics CS510 - Over-the-Head monaural Wireless Headset System,791.88,3,0.2,128.6805
9102,CA-2015-163181,11/7/2015,11/12/2015,Standard Class,AB-10105,Adrian Barton,Consumer,United States,Houston,Texas,77041,Central,OFF-AR-10001683,Office Supplies,Art,Lumber Crayons,23.64,3,0.2,5.319
9103,CA-2015-163181,11/7/2015,11/12/2015,Standard Class,AB-10105,Adrian Barton,Consumer,United States,Houston,Texas,77041,Central,OFF-ST-10001713,Office Supplies,Storage,"Gould Plastics 9-Pocket Panel Bin, 18-3/8w x 5-1/4d x 20-1/2h, Black",84.784,2,0.2,-16.9568
9104,CA-2015-163181,11/7/2015,11/12/2015,Standard Class,AB-10105,Adrian Barton,Consumer,United States,Houston,Texas,77041,Central,FUR-FU-10000193,Furniture,Furnishings,Tenex Chairmats For Use with Hard Floors,64.96,5,0.6,-84.448
9105,CA-2015-163181,11/7/2015,11/12/2015,Standard Class,AB-10105,Adrian Barton,Consumer,United States,Houston,Texas,77041,Central,OFF-BI-10000474,Office Supplies,Binders,Avery Recycled Flexi-View Covers for Binding Systems,32.06,10,0.8,-51.296
9106,CA-2015-163181,11/7/2015,11/12/2015,Standard Class,AB-10105,Adrian Barton,Consumer,United States,Houston,Texas,77041,Central,OFF-ST-10000129,Office Supplies,Storage,Fellowes Recycled Storage Drawers,177.648,2,0.2,-28.8678
9107,CA-2015-163181,11/7/2015,11/12/2015,Standard Class,AB-10105,Adrian Barton,Consumer,United States,Houston,Texas,77041,Central,TEC-MA-10001016,Technology,Machines,Canon PC170 Desktop Personal Copier,287.91,3,0.4,33.5895
9108,CA-2015-132941,5/25/2015,5/28/2015,First Class,MM-18280,Muhammed MacIntyre,Corporate,United States,Haltom City,Texas,76117,Central,OFF-SU-10002557,Office Supplies,Supplies,Fiskars Spring-Action Scissors,22.368,2,0.2,1.6776
9109,CA-2015-132941,5/25/2015,5/28/2015,First Class,MM-18280,Muhammed MacIntyre,Corporate,United States,Haltom City,Texas,76117,Central,OFF-PA-10002160,Office Supplies,Paper,Xerox 1978,32.368,7,0.2,11.7334
9110,CA-2015-132941,5/25/2015,5/28/2015,First Class,MM-18280,Muhammed MacIntyre,Corporate,United States,Haltom City,Texas,76117,Central,TEC-AC-10003095,Technology,Accessories,Logitech G35 7.1-Channel Surround Sound Headset,207.984,2,0.2,36.3972
9111,CA-2014-132010,10/13/2014,10/15/2014,First Class,MA-17995,Michelle Arnett,Home Office,United States,Richmond,Virginia,23223,South,OFF-EN-10003160,Office Supplies,Envelopes,Pastel Pink Envelopes,36.4,5,0,17.472
9112,CA-2014-132010,10/13/2014,10/15/2014,First Class,MA-17995,Michelle Arnett,Home Office,United States,Richmond,Virginia,23223,South,TEC-AC-10001542,Technology,Accessories,SanDisk Cruzer 16 GB USB Flash Drive,22.96,2,0,4.3624
9113,CA-2014-132010,10/13/2014,10/15/2014,First Class,MA-17995,Michelle Arnett,Home Office,United States,Richmond,Virginia,23223,South,OFF-ST-10003641,Office Supplies,Storage,Space Solutions Industrial Galvanized Steel Shelving.,315.2,4,0,6.304
9114,CA-2014-132010,10/13/2014,10/15/2014,First Class,MA-17995,Michelle Arnett,Home Office,United States,Richmond,Virginia,23223,South,OFF-BI-10002432,Office Supplies,Binders,Wilson Jones Standard D-Ring Binders,15.18,3,0,7.1346
9115,CA-2016-135461,2/7/2016,2/10/2016,Second Class,EB-13975,Erica Bern,Corporate,United States,Los Angeles,California,90049,West,TEC-PH-10004094,Technology,Phones,Motorola L703CM,623.96,5,0.2,38.9975
9116,CA-2017-153045,1/19/2017,1/24/2017,Second Class,NS-18505,Neola Schneider,Consumer,United States,Philadelphia,Pennsylvania,19140,East,TEC-PH-10001817,Technology,Phones,Wilson Electronics DB Pro Signal Booster,429.6,2,0.4,-93.08
9117,CA-2017-153045,1/19/2017,1/24/2017,Second Class,NS-18505,Neola Schneider,Consumer,United States,Philadelphia,Pennsylvania,19140,East,FUR-FU-10002759,Furniture,Furnishings,12-1/2 Diameter Round Wall Clock,31.968,2,0.2,6.3936
9118,CA-2017-153045,1/19/2017,1/24/2017,Second Class,NS-18505,Neola Schneider,Consumer,United States,Philadelphia,Pennsylvania,19140,East,FUR-CH-10000309,Furniture,Chairs,Global Comet Stacking Arm Chair,887.271,3,0.3,-63.3765
9119,CA-2017-153045,1/19/2017,1/24/2017,Second Class,NS-18505,Neola Schneider,Consumer,United States,Philadelphia,Pennsylvania,19140,East,OFF-PA-10003673,Office Supplies,Paper,Strathmore Photo Mount Cards,21.696,4,0.2,7.0512
9120,US-2016-155971,6/6/2016,6/12/2016,Standard Class,RB-19795,Ross Baird,Home Office,United States,Los Angeles,California,90036,West,OFF-LA-10000452,Office Supplies,Labels,Avery 488,22.05,7,0,10.584
9121,US-2016-155971,6/6/2016,6/12/2016,Standard Class,RB-19795,Ross Baird,Home Office,United States,Los Angeles,California,90036,West,OFF-PA-10000210,Office Supplies,Paper,Xerox Blank Computer Paper,99.9,5,0,46.953
9122,CA-2017-122007,3/18/2017,3/20/2017,Second Class,JK-15325,Jason Klamczynski,Corporate,United States,Los Angeles,California,90032,West,OFF-AP-10000358,Office Supplies,Appliances,Fellowes Basic Home/Office Series Surge Protectors,90.86,7,0,26.3494
9123,CA-2017-162250,11/24/2017,11/24/2017,Same Day,PR-18880,Patrick Ryan,Consumer,United States,San Francisco,California,94109,West,OFF-PA-10002137,Office Supplies,Paper,"Southworth 100% Résumé Paper, 24lb.",7.78,1,0,3.501
9124,US-2016-158288,11/26/2016,11/28/2016,Second Class,EH-13945,Eric Hoffmann,Consumer,United States,Philadelphia,Pennsylvania,19120,East,OFF-BI-10003364,Office Supplies,Binders,Binding Machine Supplies,78.759,9,0.7,-57.7566
9125,CA-2016-128916,8/18/2016,8/20/2016,Second Class,MA-17560,Matt Abelman,Home Office,United States,Houston,Texas,77070,Central,FUR-FU-10001940,Furniture,Furnishings,Staple-based wall hangings,9.552,3,0.6,-3.8208
9126,CA-2016-128916,8/18/2016,8/20/2016,Second Class,MA-17560,Matt Abelman,Home Office,United States,Houston,Texas,77070,Central,FUR-FU-10000320,Furniture,Furnishings,OIC Stacking Trays,5.344,4,0.6,-2.1376
9127,CA-2015-157028,11/28/2015,12/3/2015,Standard Class,MA-17995,Michelle Arnett,Home Office,United States,Las Cruces,New Mexico,88001,West,OFF-AR-10004441,Office Supplies,Art,BIC Brite Liner Highlighters,8.28,2,0,3.4776
9128,CA-2017-112473,5/25/2017,6/1/2017,Standard Class,JL-15505,Jeremy Lonsdale,Consumer,United States,Houston,Texas,77070,Central,OFF-ST-10002182,Office Supplies,Storage,"Iris 3-Drawer Stacking Bin, Black",50.136,3,0.2,-11.2806
9129,US-2017-147655,9/4/2017,9/5/2017,First Class,AS-10045,Aaron Smayling,Corporate,United States,Redmond,Oregon,97756,West,OFF-BI-10002931,Office Supplies,Binders,"Avery Trapezoid Extra Heavy Duty 4"" Binders",88.074,7,0.7,-58.716
9130,CA-2016-130911,3/24/2016,3/26/2016,Second Class,DC-12850,Dan Campbell,Consumer,United States,Cleveland,Ohio,44105,East,FUR-BO-10004357,Furniture,Bookcases,O'Sullivan Living Dimensions 3-Shelf Bookcases,301.47,3,0.5,-241.176
9131,CA-2016-130911,3/24/2016,3/26/2016,Second Class,DC-12850,Dan Campbell,Consumer,United States,Cleveland,Ohio,44105,East,OFF-AR-10000475,Office Supplies,Art,"Hunt BOSTON Vista Battery-Operated Pencil Sharpener, Black",18.656,2,0.2,1.6324
9132,CA-2017-100055,5/28/2017,6/1/2017,Standard Class,MD-17860,Michael Dominguez,Corporate,United States,Laurel,Maryland,20707,East,FUR-FU-10001473,Furniture,Furnishings,DAX Wood Document Frame,27.46,2,0,9.8856
9133,CA-2017-100055,5/28/2017,6/1/2017,Standard Class,MD-17860,Michael Dominguez,Corporate,United States,Laurel,Maryland,20707,East,OFF-AP-10001469,Office Supplies,Appliances,Fellowes 8 Outlet Superior Workstation Surge Protector,125.13,3,0,36.2877
9134,CA-2015-157805,8/31/2015,9/4/2015,Standard Class,RH-19510,Rick Huthwaite,Home Office,United States,San Diego,California,92037,West,TEC-PH-10004447,Technology,Phones,Toshiba IPT2010-SD IP Telephone,555.96,5,0.2,41.697
9135,CA-2016-124254,4/12/2016,4/17/2016,Standard Class,TB-21175,Thomas Boland,Corporate,United States,Wilson,North Carolina,27893,South,OFF-ST-10001469,Office Supplies,Storage,Fellowes Bankers Box Recycled Super Stor/Drawer,129.552,3,0.2,-22.6716
9136,CA-2016-124254,4/12/2016,4/17/2016,Standard Class,TB-21175,Thomas Boland,Corporate,United States,Wilson,North Carolina,27893,South,OFF-ST-10000060,Office Supplies,Storage,Fellowes Bankers Box Staxonsteel Drawer File/Stacking System,51.984,1,0.2,-5.1984
9137,CA-2016-124254,4/12/2016,4/17/2016,Standard Class,TB-21175,Thomas Boland,Corporate,United States,Wilson,North Carolina,27893,South,OFF-PA-10000807,Office Supplies,Paper,"TOPS ""Important Message"" Pads, Canary, 4-1/4 x 5-1/2, 50 Sheets per Pad",10.272,3,0.2,3.4668
9138,CA-2014-123400,2/2/2014,2/9/2014,Standard Class,EB-13930,Eric Barreto,Consumer,United States,Saint Petersburg,Florida,33710,South,OFF-BI-10000666,Office Supplies,Binders,Surelock Post Binders,18.336,2,0.7,-12.224
9139,CA-2014-123400,2/2/2014,2/9/2014,Standard Class,EB-13930,Eric Barreto,Consumer,United States,Saint Petersburg,Florida,33710,South,TEC-PH-10002890,Technology,Phones,AT&T 17929 Lendline Telephone,180.96,5,0.2,13.572
9140,CA-2014-106971,9/2/2014,9/8/2014,Standard Class,BM-11785,Bryan Mills,Consumer,United States,Buffalo Grove,Illinois,60089,Central,TEC-AC-10000844,Technology,Accessories,Logitech Gaming G510s - Keyboard,475.944,7,0.2,95.1888
9141,CA-2017-123029,9/30/2017,10/2/2017,Second Class,BT-11530,Bradley Talbott,Home Office,United States,Los Angeles,California,90049,West,TEC-AC-10002402,Technology,Accessories,Razer Kraken PRO Over Ear PC and Music Headset,159.98,2,0,47.994
9142,CA-2016-139409,9/5/2016,9/7/2016,First Class,FW-14395,Fred Wasserman,Corporate,United States,New York City,New York,10011,East,TEC-PH-10003988,Technology,Phones,"LF Elite 3D Dazzle Designer Hard Case Cover, Lf Stylus Pen and Wiper For Apple Iphone 5c Mini Lite",43.6,4,0,12.208
9143,US-2017-166688,5/20/2017,5/26/2017,Standard Class,RD-19480,Rick Duston,Consumer,United States,Las Vegas,Nevada,89115,West,OFF-BI-10004040,Office Supplies,Binders,Wilson Jones Impact Binders,8.288,2,0.2,3.0044
9144,US-2017-166688,5/20/2017,5/26/2017,Standard Class,RD-19480,Rick Duston,Consumer,United States,Las Vegas,Nevada,89115,West,TEC-PH-10004094,Technology,Phones,Motorola L703CM,1123.128,9,0.2,70.1955
9145,US-2017-166688,5/20/2017,5/26/2017,Standard Class,RD-19480,Rick Duston,Consumer,United States,Las Vegas,Nevada,89115,West,OFF-AP-10000358,Office Supplies,Appliances,Fellowes Basic Home/Office Series Surge Protectors,64.9,5,0,18.821
9146,CA-2015-126970,9/20/2015,9/24/2015,Standard Class,TP-21130,Theone Pippenger,Consumer,United States,Naperville,Illinois,60540,Central,OFF-BI-10000138,Office Supplies,Binders,Acco Translucent Poly Ring Binders,2.808,3,0.8,-4.4928
9147,US-2016-165505,1/23/2016,1/27/2016,Standard Class,CB-12535,Claudia Bergmann,Corporate,United States,Burlington,Vermont,5408,East,TEC-AC-10002926,Technology,Accessories,Logitech Wireless Marathon Mouse M705,99.98,2,0,42.9914
9148,US-2016-165505,1/23/2016,1/27/2016,Standard Class,CB-12535,Claudia Bergmann,Corporate,United States,Burlington,Vermont,5408,East,OFF-AR-10003477,Office Supplies,Art,4009 Highlighters,8.04,6,0,2.7336
9149,US-2016-165505,1/23/2016,1/27/2016,Standard Class,CB-12535,Claudia Bergmann,Corporate,United States,Burlington,Vermont,5408,East,OFF-ST-10001526,Office Supplies,Storage,Iceberg Mobile Mega Data/Printer Cart ,1564.29,13,0,406.7154
9150,US-2014-157070,6/1/2014,6/6/2014,Standard Class,QJ-19255,Quincy Jones,Corporate,United States,Detroit,Michigan,48234,Central,OFF-BI-10001765,Office Supplies,Binders,Wilson Jones Heavy-Duty Casebound Ring Binders with Metal Hinges,138.56,4,0,66.5088
9151,US-2014-157070,6/1/2014,6/6/2014,Standard Class,QJ-19255,Quincy Jones,Corporate,United States,Detroit,Michigan,48234,Central,OFF-AP-10004859,Office Supplies,Appliances,Acco 6 Outlet Guardian Premium Surge Suppressor,65.52,5,0.1,12.376
9152,US-2015-106873,9/24/2015,9/29/2015,Second Class,KM-16720,Kunst Miller,Consumer,United States,Avondale,Arizona,85323,West,OFF-AR-10003179,Office Supplies,Art,Dixon Ticonderoga Core-Lock Colored Pencils,14.576,2,0.2,2.3686
9153,US-2015-106873,9/24/2015,9/29/2015,Second Class,KM-16720,Kunst Miller,Consumer,United States,Avondale,Arizona,85323,West,TEC-AC-10002345,Technology,Accessories,HP Standard 104 key PS/2 Keyboard,23.2,2,0.2,1.45
9154,US-2015-106873,9/24/2015,9/29/2015,Second Class,KM-16720,Kunst Miller,Consumer,United States,Avondale,Arizona,85323,West,OFF-AR-10001246,Office Supplies,Art,Newell 317,16.464,7,0.2,1.8522
9155,CA-2016-132990,8/1/2016,8/3/2016,Second Class,KM-16660,Khloe Miller,Consumer,United States,Philadelphia,Pennsylvania,19140,East,FUR-FU-10004864,Furniture,Furnishings,Eldon 500 Class Desk Accessories,19.312,2,0.2,3.1382
9156,CA-2014-102645,1/23/2014,1/28/2014,Standard Class,IM-15055,Ionia McGrath,Consumer,United States,Las Vegas,Nevada,89115,West,OFF-PA-10001804,Office Supplies,Paper,Xerox 195,40.08,6,0,19.2384
9157,CA-2014-134215,8/4/2014,8/8/2014,Standard Class,ML-17395,Marina Lichtenstein,Corporate,United States,Bangor,Maine,4401,East,OFF-AP-10001271,Office Supplies,Appliances,Eureka The Boss Cordless Rechargeable Stick Vac,101.96,2,0,27.5292
9158,CA-2014-134215,8/4/2014,8/8/2014,Standard Class,ML-17395,Marina Lichtenstein,Corporate,United States,Bangor,Maine,4401,East,OFF-PA-10004353,Office Supplies,Paper,Southworth 25% Cotton Premium Laser Paper and Envelopes,259.74,13,0,124.6752
9159,CA-2014-134215,8/4/2014,8/8/2014,Standard Class,ML-17395,Marina Lichtenstein,Corporate,United States,Bangor,Maine,4401,East,TEC-AC-10002473,Technology,Accessories,Maxell 4.7GB DVD-R,255.42,9,0,104.7222
9160,CA-2016-118934,8/9/2016,8/14/2016,Standard Class,GH-14410,Gary Hansen,Home Office,United States,Hendersonville,Tennessee,37075,South,OFF-BI-10003314,Office Supplies,Binders,Tuff Stuff Recycled Round Ring Binders,4.338,3,0.7,-3.0366
9161,CA-2016-118934,8/9/2016,8/14/2016,Standard Class,GH-14410,Gary Hansen,Home Office,United States,Hendersonville,Tennessee,37075,South,OFF-BI-10004465,Office Supplies,Binders,Avery Durable Slant Ring Binders,11.88,5,0.7,-7.92
9162,CA-2016-160108,12/8/2016,12/12/2016,Standard Class,AG-10900,Arthur Gainer,Consumer,United States,Eau Claire,Wisconsin,54703,Central,FUR-BO-10003450,Furniture,Bookcases,"Bush Westfield Collection Bookcases, Dark Cherry Finish",405.86,7,0,32.4688
9163,CA-2016-160108,12/8/2016,12/12/2016,Standard Class,AG-10900,Arthur Gainer,Consumer,United States,Eau Claire,Wisconsin,54703,Central,FUR-CH-10002335,Furniture,Chairs,Hon GuestStacker Chair,680.01,3,0,176.8026
9164,CA-2015-164007,6/8/2015,6/12/2015,Standard Class,MG-17695,Maureen Gnade,Consumer,United States,Chicago,Illinois,60610,Central,TEC-AC-10003433,Technology,Accessories,Maxell 4.7GB DVD+R 5/Pack,2.376,3,0.2,0.7425
9165,CA-2015-164007,6/8/2015,6/12/2015,Standard Class,MG-17695,Maureen Gnade,Consumer,United States,Chicago,Illinois,60610,Central,OFF-AP-10003849,Office Supplies,Appliances,Hoover Shoulder Vac Commercial Portable Vacuum,143.128,2,0.8,-393.602
9166,CA-2016-100300,6/24/2016,6/26/2016,Second Class,MJ-17740,Max Jones,Consumer,United States,San Diego,California,92037,West,TEC-MA-10000984,Technology,Machines,Okidata MB760 Printer,4476.8,4,0.2,503.64
9167,CA-2016-100300,6/24/2016,6/26/2016,Second Class,MJ-17740,Max Jones,Consumer,United States,San Diego,California,92037,West,OFF-PA-10000418,Office Supplies,Paper,Xerox 189,104.85,1,0,50.328
9168,CA-2016-100300,6/24/2016,6/26/2016,Second Class,MJ-17740,Max Jones,Consumer,United States,San Diego,California,92037,West,OFF-AP-10001242,Office Supplies,Appliances,APC 7 Outlet Network SurgeArrest Surge Protector,241.44,3,0,72.432
9169,CA-2016-140571,3/15/2016,3/19/2016,Standard Class,SJ-20125,Sanjit Jacobs,Home Office,United States,Jackson,Mississippi,39212,South,OFF-PA-10001954,Office Supplies,Paper,Xerox 1964,319.76,14,0,147.0896
9170,CA-2016-140571,3/15/2016,3/19/2016,Standard Class,SJ-20125,Sanjit Jacobs,Home Office,United States,Jackson,Mississippi,39212,South,OFF-PA-10001954,Office Supplies,Paper,Xerox 1964,45.68,2,0,21.0128
9171,US-2016-155768,12/1/2016,12/1/2016,Same Day,LB-16795,Laurel Beltran,Home Office,United States,Oxnard,California,93030,West,FUR-FU-10000448,Furniture,Furnishings,Tenex Chairmats For Use With Carpeted Floors,31.96,2,0,1.598
9172,US-2016-155768,12/1/2016,12/1/2016,Same Day,LB-16795,Laurel Beltran,Home Office,United States,Oxnard,California,93030,West,OFF-PA-10001357,Office Supplies,Paper,Xerox 1886,47.9,1,0,22.992
9173,US-2016-155768,12/1/2016,12/1/2016,Same Day,LB-16795,Laurel Beltran,Home Office,United States,Oxnard,California,93030,West,OFF-ST-10002292,Office Supplies,Storage,"Sauder Facets Collection Locker/File Cabinet, Sky Alder Finish",1112.94,3,0,222.588
9174,US-2016-155768,12/1/2016,12/1/2016,Same Day,LB-16795,Laurel Beltran,Home Office,United States,Oxnard,California,93030,West,OFF-EN-10001219,Office Supplies,Envelopes,"#10- 4 1/8"" x 9 1/2"" Security-Tint Envelopes",22.92,3,0,11.2308
9175,CA-2017-119424,6/12/2017,6/14/2017,Second Class,SB-20185,Sarah Brown,Consumer,United States,Kent,Washington,98031,West,TEC-PH-10002564,Technology,Phones,OtterBox Defender Series Case - Samsung Galaxy S4,71.976,3,0.2,8.997
9176,CA-2017-119424,6/12/2017,6/14/2017,Second Class,SB-20185,Sarah Brown,Consumer,United States,Kent,Washington,98031,West,OFF-PA-10001639,Office Supplies,Paper,Xerox 203,19.44,3,0,9.3312
9177,CA-2016-118178,3/19/2016,3/24/2016,Standard Class,CC-12610,Corey Catlett,Corporate,United States,Nashville,Tennessee,37211,South,OFF-BI-10001153,Office Supplies,Binders,Ibico Recycled Grain-Textured Covers,31.086,3,0.7,-20.724
9178,CA-2016-166618,11/14/2016,11/18/2016,Standard Class,DP-13000,Darren Powers,Consumer,United States,New York City,New York,10035,East,TEC-PH-10003356,Technology,Phones,"SmartStand Mobile Device Holder, Assorted Colors",13.98,2,0,3.9144
9179,CA-2016-166618,11/14/2016,11/18/2016,Standard Class,DP-13000,Darren Powers,Consumer,United States,New York City,New York,10035,East,OFF-AR-10001725,Office Supplies,Art,Boston Home & Office Model 2000 Electric Pencil Sharpeners,23.65,1,0,6.149
9180,CA-2017-156776,8/7/2017,8/11/2017,Standard Class,JL-15505,Jeremy Lonsdale,Consumer,United States,Westminster,California,92683,West,TEC-PH-10002415,Technology,Phones,Polycom VoiceStation 500 Conference phone,707.88,3,0.2,44.2425
9181,CA-2017-156776,8/7/2017,8/11/2017,Standard Class,JL-15505,Jeremy Lonsdale,Consumer,United States,Westminster,California,92683,West,OFF-BI-10003355,Office Supplies,Binders,Cardinal Holdit Business Card Pockets,11.952,3,0.2,4.1832
9182,CA-2017-156776,8/7/2017,8/11/2017,Standard Class,JL-15505,Jeremy Lonsdale,Consumer,United States,Westminster,California,92683,West,OFF-BI-10000216,Office Supplies,Binders,"Mead 1st Gear 2"" Zipper Binder, Asst. Colors",31.128,3,0.2,11.673
9183,CA-2017-156776,8/7/2017,8/11/2017,Standard Class,JL-15505,Jeremy Lonsdale,Consumer,United States,Westminster,California,92683,West,TEC-AC-10004803,Technology,Accessories,Sony Micro Vault Click 4 GB USB 2.0 Flash Drive,55.76,4,0,7.8064
9184,CA-2017-156776,8/7/2017,8/11/2017,Standard Class,JL-15505,Jeremy Lonsdale,Consumer,United States,Westminster,California,92683,West,OFF-PA-10001970,Office Supplies,Paper,Xerox 1881,24.56,2,0,11.5432
9185,CA-2017-156776,8/7/2017,8/11/2017,Standard Class,JL-15505,Jeremy Lonsdale,Consumer,United States,Westminster,California,92683,West,FUR-FU-10004848,Furniture,Furnishings,"Howard Miller 13-3/4"" Diameter Brushed Chrome Round Wall Clock",51.75,1,0,15.525
9186,CA-2017-156776,8/7/2017,8/11/2017,Standard Class,JL-15505,Jeremy Lonsdale,Consumer,United States,Westminster,California,92683,West,FUR-CH-10002317,Furniture,Chairs,Global Enterprise Series Seating Low-Back Swivel/Tilt Chairs,207.184,1,0.2,25.898
9187,CA-2017-156776,8/7/2017,8/11/2017,Standard Class,JL-15505,Jeremy Lonsdale,Consumer,United States,Westminster,California,92683,West,OFF-AP-10002534,Office Supplies,Appliances,3.6 Cubic Foot Counter Height Office Refrigerator,1473.1,5,0,412.468
9188,US-2015-130512,8/21/2015,8/25/2015,Standard Class,SM-20320,Sean Miller,Home Office,United States,Allentown,Pennsylvania,18103,East,OFF-SU-10001935,Office Supplies,Supplies,Staple remover,3.488,2,0.2,-0.6976
9189,US-2015-130512,8/21/2015,8/25/2015,Standard Class,SM-20320,Sean Miller,Home Office,United States,Allentown,Pennsylvania,18103,East,TEC-AC-10000290,Technology,Accessories,Sabrent 4-Port USB 2.0 Hub,21.728,4,0.2,3.8024
9190,US-2015-130512,8/21/2015,8/25/2015,Standard Class,SM-20320,Sean Miller,Home Office,United States,Allentown,Pennsylvania,18103,East,OFF-ST-10002574,Office Supplies,Storage,"SAFCO Commercial Wire Shelving, Black",663.072,6,0.2,-165.768
9191,US-2015-130512,8/21/2015,8/25/2015,Standard Class,SM-20320,Sean Miller,Home Office,United States,Allentown,Pennsylvania,18103,East,OFF-BI-10004519,Office Supplies,Binders,GBC DocuBind P100 Manual Binding Machine,99.588,2,0.7,-82.99
9192,US-2015-130512,8/21/2015,8/25/2015,Standard Class,SM-20320,Sean Miller,Home Office,United States,Allentown,Pennsylvania,18103,East,OFF-PA-10003625,Office Supplies,Paper,Xerox 1979,49.568,2,0.2,15.49
9193,CA-2015-141810,11/2/2015,11/7/2015,Standard Class,BB-10990,Barry Blumstein,Corporate,United States,San Antonio,Texas,78207,Central,OFF-BI-10001524,Office Supplies,Binders,GBC Premium Transparent Covers with Diagonal Lined Pattern,29.372,7,0.8,-46.9952
9194,CA-2015-141810,11/2/2015,11/7/2015,Standard Class,BB-10990,Barry Blumstein,Corporate,United States,San Antonio,Texas,78207,Central,TEC-PH-10002200,Technology,Phones,Aastra 6757i CT Wireless VoIP phone,344.704,2,0.2,38.7792
9195,CA-2014-146843,11/30/2014,12/6/2014,Standard Class,PB-19150,Philip Brown,Consumer,United States,Avondale,Arizona,85323,West,OFF-SU-10001664,Office Supplies,Supplies,Acme Office Executive Series Stainless Steel Trimmers,47.992,7,0.2,3.5994
9196,CA-2014-146843,11/30/2014,12/6/2014,Standard Class,PB-19150,Philip Brown,Consumer,United States,Avondale,Arizona,85323,West,TEC-AC-10002550,Technology,Accessories,"Memorex 25GB 6X Branded Blu-Ray Recordable Disc, 30/Pack",102.24,4,0.2,-16.614
9197,CA-2014-103310,5/10/2014,5/15/2014,Standard Class,GM-14680,Greg Matthias,Consumer,United States,San Jose,California,95123,West,OFF-PA-10004353,Office Supplies,Paper,Southworth 25% Cotton Premium Laser Paper and Envelopes,39.96,2,0,19.1808
9198,CA-2014-103310,5/10/2014,5/15/2014,Standard Class,GM-14680,Greg Matthias,Consumer,United States,San Jose,California,95123,West,TEC-PH-10001817,Technology,Phones,Wilson Electronics DB Pro Signal Booster,1432,5,0.2,125.3
9199,CA-2014-103310,5/10/2014,5/15/2014,Standard Class,GM-14680,Greg Matthias,Consumer,United States,San Jose,California,95123,West,OFF-SU-10004737,Office Supplies,Supplies,Acme Design Stainless Steel Bent Scissors,41.04,6,0,11.0808
9200,CA-2014-103310,5/10/2014,5/15/2014,Standard Class,GM-14680,Greg Matthias,Consumer,United States,San Jose,California,95123,West,FUR-CH-10002320,Furniture,Chairs,Hon Pagoda Stacking Chairs,256.784,1,0.2,32.098
9201,CA-2016-152688,10/17/2016,10/20/2016,First Class,NR-18550,Nick Radford,Consumer,United States,Perth Amboy,New Jersey,8861,East,FUR-BO-10001337,Furniture,Bookcases,O'Sullivan Living Dimensions 2-Shelf Bookcases,120.98,1,0,12.098
9202,CA-2016-152688,10/17/2016,10/20/2016,First Class,NR-18550,Nick Radford,Consumer,United States,Perth Amboy,New Jersey,8861,East,OFF-BI-10004584,Office Supplies,Binders,GBC ProClick 150 Presentation Binding System,315.98,1,0,148.5106
9203,CA-2016-153836,10/30/2016,11/3/2016,Standard Class,EH-13765,Edward Hooks,Corporate,United States,New York City,New York,10011,East,OFF-BI-10004817,Office Supplies,Binders,GBC Personal VeloBind Strips,28.752,3,0.2,10.0632
9204,CA-2016-153836,10/30/2016,11/3/2016,Standard Class,EH-13765,Edward Hooks,Corporate,United States,New York City,New York,10011,East,OFF-AR-10004602,Office Supplies,Art,Boston KS Multi-Size Manual Pencil Sharpener,114.95,5,0,32.186
9205,CA-2016-104689,12/1/2016,12/5/2016,Standard Class,FH-14365,Fred Hopkins,Corporate,United States,Los Angeles,California,90004,West,OFF-AR-10001149,Office Supplies,Art,"Sanford Colorific Colored Pencils, 12/Box",23.04,8,0,6.912
9206,CA-2016-146423,4/21/2016,4/21/2016,Same Day,BT-11680,Brian Thompson,Consumer,United States,Milford,Connecticut,6460,East,OFF-AR-10004817,Office Supplies,Art,Colorific Watercolor Pencils,15.48,3,0,4.4892
9207,CA-2016-146423,4/21/2016,4/21/2016,Same Day,BT-11680,Brian Thompson,Consumer,United States,Milford,Connecticut,6460,East,OFF-PA-10003797,Office Supplies,Paper,Xerox 209,51.84,8,0,24.8832
9208,CA-2017-140781,8/3/2017,8/7/2017,Standard Class,AB-10105,Adrian Barton,Consumer,United States,Bloomington,Illinois,61701,Central,TEC-AC-10000682,Technology,Accessories,Kensington K72356US Mouse-in-a-Box USB Desktop Mouse,39.816,3,0.2,7.4655
9209,CA-2017-141747,8/3/2017,8/8/2017,Second Class,SC-20230,Scot Coram,Corporate,United States,Seattle,Washington,98105,West,OFF-ST-10003996,Office Supplies,Storage,"Letter/Legal File Tote with Clear Snap-On Lid, Black Granite",16.06,1,0,4.1756
9210,CA-2017-142776,12/11/2017,12/14/2017,Second Class,RS-19870,Roy Skaria,Home Office,United States,Burlington,Iowa,52601,Central,OFF-EN-10003160,Office Supplies,Envelopes,Pastel Pink Envelopes,7.28,1,0,3.4944
9211,CA-2017-142776,12/11/2017,12/14/2017,Second Class,RS-19870,Roy Skaria,Home Office,United States,Burlington,Iowa,52601,Central,OFF-BI-10002012,Office Supplies,Binders,Wilson Jones Easy Flow II Sheet Lifters,5.4,3,0,2.592
9212,CA-2015-167479,3/14/2015,3/19/2015,Standard Class,AI-10855,Arianne Irving,Consumer,United States,Roseville,California,95661,West,OFF-PA-10002105,Office Supplies,Paper,Xerox 223,19.44,3,0,9.3312
9213,CA-2014-144071,12/8/2014,12/15/2014,Standard Class,DJ-13420,Denny Joy,Corporate,United States,San Francisco,California,94110,West,FUR-FU-10000397,Furniture,Furnishings,Luxo Economy Swing Arm Lamp,39.88,2,0,11.1664
9214,CA-2014-144071,12/8/2014,12/15/2014,Standard Class,DJ-13420,Denny Joy,Corporate,United States,San Francisco,California,94110,West,FUR-FU-10000758,Furniture,Furnishings,DAX Natural Wood-Tone Poster Frame,79.44,3,0,28.5984
9215,US-2017-120908,9/30/2017,10/2/2017,First Class,BF-10975,Barbara Fisher,Corporate,United States,Philadelphia,Pennsylvania,19120,East,OFF-LA-10004677,Office Supplies,Labels,Self-Adhesive Address Labels for Typewriters with Dispenser Box,20.664,7,0.2,6.9741
9216,CA-2016-152646,11/21/2016,11/26/2016,Standard Class,TH-21235,Tiffany House,Corporate,United States,Los Angeles,California,90049,West,OFF-PA-10004451,Office Supplies,Paper,Xerox 222,32.4,5,0,15.552
9217,CA-2017-103765,11/24/2017,11/30/2017,Standard Class,JG-15310,Jason Gross,Corporate,United States,Odessa,Texas,79762,Central,OFF-AP-10002311,Office Supplies,Appliances,"Holmes Replacement Filter for HEPA Air Cleaner, Very Large Room, HEPA Filter",13.762,1,0.8,-24.7716
9218,US-2017-118157,11/14/2017,11/17/2017,First Class,AW-10930,Arthur Wiediger,Home Office,United States,Minneapolis,Minnesota,55407,Central,OFF-EN-10004459,Office Supplies,Envelopes,Security-Tint Envelopes,15.28,2,0,7.4872
9219,US-2015-164238,8/16/2015,8/20/2015,Standard Class,JW-15955,Joni Wasserman,Consumer,United States,Philadelphia,Pennsylvania,19120,East,OFF-ST-10002352,Office Supplies,Storage,Iris Project Case,44.688,7,0.2,3.3516
9220,US-2015-164238,8/16/2015,8/20/2015,Standard Class,JW-15955,Joni Wasserman,Consumer,United States,Philadelphia,Pennsylvania,19120,East,FUR-BO-10000780,Furniture,Bookcases,O'Sullivan Plantations 2-Door Library in Landvery Oak,301.47,3,0.5,-204.9996
9221,CA-2017-103212,10/13/2017,10/14/2017,First Class,MH-18025,Michelle Huthwaite,Consumer,United States,Lafayette,Louisiana,70506,South,OFF-LA-10000248,Office Supplies,Labels,Avery 52,11.07,3,0,5.2029
9222,CA-2017-103212,10/13/2017,10/14/2017,First Class,MH-18025,Michelle Huthwaite,Consumer,United States,Lafayette,Louisiana,70506,South,FUR-TA-10003473,Furniture,Tables,Bretford Rectangular Conference Table Tops,1504.52,4,0,346.0396
9223,CA-2017-103212,10/13/2017,10/14/2017,First Class,MH-18025,Michelle Huthwaite,Consumer,United States,Lafayette,Louisiana,70506,South,OFF-PA-10004355,Office Supplies,Paper,Xerox 231,25.92,4,0,12.4416
9224,CA-2017-121160,11/4/2017,11/4/2017,Same Day,FM-14290,Frank Merwin,Home Office,United States,Bryan,Texas,77803,Central,OFF-BI-10001308,Office Supplies,Binders,GBC Standard Plastic Binding Systems' Combs,7.536,6,0.8,-13.188
9225,CA-2017-121160,11/4/2017,11/4/2017,Same Day,FM-14290,Frank Merwin,Home Office,United States,Bryan,Texas,77803,Central,OFF-BI-10003094,Office Supplies,Binders,Self-Adhesive Ring Binder Labels,1.408,2,0.8,-2.3232
9226,CA-2017-121160,11/4/2017,11/4/2017,Same Day,FM-14290,Frank Merwin,Home Office,United States,Bryan,Texas,77803,Central,OFF-BI-10004040,Office Supplies,Binders,Wilson Jones Impact Binders,4.144,4,0.8,-6.4232
9227,CA-2017-121160,11/4/2017,11/4/2017,Same Day,FM-14290,Frank Merwin,Home Office,United States,Bryan,Texas,77803,Central,OFF-ST-10002485,Office Supplies,Storage,Rogers Deluxe File Chest,52.752,3,0.2,-12.5286
9228,CA-2017-140515,3/19/2017,3/24/2017,Standard Class,GZ-14545,George Zrebassa,Corporate,United States,Los Angeles,California,90008,West,OFF-AP-10001205,Office Supplies,Appliances,Belkin 5 Outlet SurgeMaster Power Centers,381.36,7,0,106.7808
9229,CA-2014-153619,11/3/2014,11/3/2014,Same Day,TC-21535,Tracy Collins,Home Office,United States,Los Angeles,California,90049,West,OFF-AR-10001868,Office Supplies,Art,Prang Dustless Chalk Sticks,6.72,4,0,3.36
9230,CA-2017-133718,7/23/2017,7/26/2017,First Class,TB-21520,Tracy Blumstein,Consumer,United States,Los Angeles,California,90045,West,OFF-BI-10003429,Office Supplies,Binders,"Cardinal HOLDit! Binder Insert Strips,Extra Strips",15.192,3,0.2,5.5071
9231,CA-2017-133718,7/23/2017,7/26/2017,First Class,TB-21520,Tracy Blumstein,Consumer,United States,Los Angeles,California,90045,West,OFF-PA-10002689,Office Supplies,Paper,Weyerhaeuser First Choice Laser/Copy Paper (20Lb. and 88 Bright),58.32,9,0,27.9936
9232,CA-2014-148383,12/27/2014,12/31/2014,Standard Class,RP-19390,Resi Pölking,Consumer,United States,Phoenix,Arizona,85023,West,OFF-BI-10003650,Office Supplies,Binders,GBC DocuBind 300 Electric Binding Machine,946.764,6,0.7,-694.2936
9233,CA-2016-126732,9/2/2016,9/6/2016,Standard Class,LR-16915,Lena Radford,Consumer,United States,Los Angeles,California,90036,West,FUR-FU-10001889,Furniture,Furnishings,Ultra Door Pull Handle,94.68,9,0,31.2444
9234,CA-2016-126732,9/2/2016,9/6/2016,Standard Class,LR-16915,Lena Radford,Consumer,United States,Los Angeles,California,90036,West,OFF-ST-10000321,Office Supplies,Storage,Akro Stacking Bins,23.67,3,0,0.9468
9235,CA-2016-126732,9/2/2016,9/6/2016,Standard Class,LR-16915,Lena Radford,Consumer,United States,Los Angeles,California,90036,West,TEC-PH-10001530,Technology,Phones,Cisco Unified IP Phone 7945G VoIP phone,1091.168,4,0.2,68.198
9236,CA-2016-126732,9/2/2016,9/6/2016,Standard Class,LR-16915,Lena Radford,Consumer,United States,Los Angeles,California,90036,West,OFF-AR-10004752,Office Supplies,Art,Blackstonian Pencils,18.69,7,0,5.2332
9237,CA-2016-126732,9/2/2016,9/6/2016,Standard Class,LR-16915,Lena Radford,Consumer,United States,Los Angeles,California,90036,West,FUR-TA-10001539,Furniture,Tables,Chromcraft Rectangular Conference Tables,568.728,3,0.2,28.4364
9238,CA-2016-126732,9/2/2016,9/6/2016,Standard Class,LR-16915,Lena Radford,Consumer,United States,Los Angeles,California,90036,West,OFF-BI-10001553,Office Supplies,Binders,SpineVue Locking Slant-D Ring Binders by Cardinal,7.312,1,0.2,2.5592
9239,CA-2017-138156,2/11/2017,2/14/2017,First Class,MM-17260,Magdelene Morse,Consumer,United States,Columbus,Ohio,43229,East,FUR-FU-10003601,Furniture,Furnishings,"Deflect-o RollaMat Studded, Beveled Mat for Medium Pile Carpeting",147.568,2,0.2,-3.6892
9240,CA-2017-110310,10/27/2017,11/2/2017,Standard Class,NB-18655,Nona Balk,Corporate,United States,Tallahassee,Florida,32303,South,OFF-PA-10001685,Office Supplies,Paper,Easy-staple paper,56.784,7,0.2,20.5842
9241,CA-2017-110310,10/27/2017,11/2/2017,Standard Class,NB-18655,Nona Balk,Corporate,United States,Tallahassee,Florida,32303,South,OFF-BI-10001097,Office Supplies,Binders,Avery Hole Reinforcements,5.607,3,0.7,-3.9249
9242,CA-2017-110310,10/27/2017,11/2/2017,Standard Class,NB-18655,Nona Balk,Corporate,United States,Tallahassee,Florida,32303,South,OFF-AR-10001662,Office Supplies,Art,Rogers Handheld Barrel Pencil Sharpener,6.576,3,0.2,0.5754
9243,CA-2014-113271,7/9/2014,7/14/2014,Standard Class,DS-13030,Darrin Sayre,Home Office,United States,San Francisco,California,94122,West,OFF-BI-10002609,Office Supplies,Binders,Avery Hidden Tab Dividers for Binding Systems,14.304,6,0.2,4.6488
9244,CA-2014-113271,7/9/2014,7/14/2014,Standard Class,DS-13030,Darrin Sayre,Home Office,United States,San Francisco,California,94122,West,FUR-BO-10004218,Furniture,Bookcases,"Bush Heritage Pine Collection 5-Shelf Bookcase, Albany Pine Finish, *Special Order",119.833,1,0.15,7.049
9245,CA-2014-113271,7/9/2014,7/14/2014,Standard Class,DS-13030,Darrin Sayre,Home Office,United States,San Francisco,California,94122,West,OFF-AR-10003251,Office Supplies,Art,Prang Drawing Pencil Set,5.56,2,0,2.224
9246,CA-2014-113271,7/9/2014,7/14/2014,Standard Class,DS-13030,Darrin Sayre,Home Office,United States,San Francisco,California,94122,West,OFF-PA-10002365,Office Supplies,Paper,Xerox 1967,32.4,5,0,15.552
9247,CA-2017-130106,5/22/2017,5/26/2017,Standard Class,VF-21715,Vicky Freymann,Home Office,United States,San Francisco,California,94109,West,OFF-AR-10003651,Office Supplies,Art,Newell 350,9.84,3,0,2.8536
9248,CA-2017-130106,5/22/2017,5/26/2017,Standard Class,VF-21715,Vicky Freymann,Home Office,United States,San Francisco,California,94109,West,OFF-AR-10003732,Office Supplies,Art,Newell 333,2.78,1,0,0.7228
9249,CA-2016-127761,11/10/2016,11/14/2016,Standard Class,SW-20275,Scott Williamson,Consumer,United States,New York City,New York,10009,East,OFF-BI-10002557,Office Supplies,Binders,Presstex Flexible Ring Binders,3.64,1,0.2,1.365
9250,CA-2016-127761,11/10/2016,11/14/2016,Standard Class,SW-20275,Scott Williamson,Consumer,United States,New York City,New York,10009,East,TEC-PH-10003691,Technology,Phones,BlackBerry Q10,881.93,7,0,220.4825
9251,CA-2016-105354,12/2/2016,12/6/2016,Standard Class,PW-19030,Pauline Webber,Corporate,United States,Marion,Iowa,52302,Central,OFF-BI-10001107,Office Supplies,Binders,"GBC White Gloss Covers, Plain Front",115.84,8,0,54.4448
9252,CA-2017-155712,3/2/2017,3/8/2017,Standard Class,KD-16615,Ken Dana,Corporate,United States,Los Angeles,California,90008,West,OFF-BI-10004224,Office Supplies,Binders,Catalog Binders with Expanding Posts,107.648,2,0.2,33.64
9253,CA-2017-102309,9/23/2017,9/25/2017,Second Class,DO-13645,Doug O'Connell,Consumer,United States,Pine Bluff,Arkansas,71603,South,TEC-AC-10001114,Technology,Accessories,Microsoft Wireless Mobile Mouse 4000,199.95,5,0,63.984
9254,CA-2017-102309,9/23/2017,9/25/2017,Second Class,DO-13645,Doug O'Connell,Consumer,United States,Pine Bluff,Arkansas,71603,South,OFF-PA-10002005,Office Supplies,Paper,Xerox 225,12.96,2,0,6.2208
9255,CA-2014-168368,2/11/2014,2/15/2014,Second Class,GA-14725,Guy Armstrong,Consumer,United States,Columbia,Missouri,65203,Central,FUR-CH-10001146,Furniture,Chairs,"Global Value Mid-Back Manager's Chair, Gray",60.89,1,0,15.2225
9256,CA-2014-168368,2/11/2014,2/15/2014,Second Class,GA-14725,Guy Armstrong,Consumer,United States,Columbia,Missouri,65203,Central,OFF-LA-10004853,Office Supplies,Labels,Avery 483,14.94,3,0,6.8724
9257,CA-2014-168368,2/11/2014,2/15/2014,Second Class,GA-14725,Guy Armstrong,Consumer,United States,Columbia,Missouri,65203,Central,OFF-BI-10004728,Office Supplies,Binders,Wilson Jones Turn Tabs Binder Tool for Ring Binders,9.64,2,0,4.4344
9258,CA-2014-168368,2/11/2014,2/15/2014,Second Class,GA-14725,Guy Armstrong,Consumer,United States,Columbia,Missouri,65203,Central,FUR-FU-10002298,Furniture,Furnishings,"Rubbermaid ClusterMat Chairmats, Mat Size- 66"" x 60"", Lip 20"" x 11"" -90 Degree Angle",332.94,3,0,53.2704
9259,CA-2014-168368,2/11/2014,2/15/2014,Second Class,GA-14725,Guy Armstrong,Consumer,United States,Columbia,Missouri,65203,Central,OFF-BI-10004654,Office Supplies,Binders,VariCap6 Expandable Binder,51.9,3,0,24.393
9260,CA-2014-168368,2/11/2014,2/15/2014,Second Class,GA-14725,Guy Armstrong,Consumer,United States,Columbia,Missouri,65203,Central,OFF-ST-10002583,Office Supplies,Storage,Fellowes Neat Ideas Storage Cubes,64.96,2,0,2.5984
9261,CA-2017-167976,11/11/2017,11/14/2017,Second Class,JL-15505,Jeremy Lonsdale,Consumer,United States,Aberdeen,South Dakota,57401,Central,OFF-SU-10004661,Office Supplies,Supplies,Acme Titanium Bonded Scissors,25.5,3,0,6.63
9262,CA-2017-111388,9/2/2017,9/2/2017,Same Day,SU-20665,Stephanie Ulpright,Home Office,United States,Seattle,Washington,98103,West,FUR-CH-10003061,Furniture,Chairs,"Global Leather Task Chair, Black",215.976,3,0.2,-2.6997
9263,CA-2015-124499,10/9/2015,10/13/2015,Standard Class,FM-14380,Fred McMath,Consumer,United States,Detroit,Michigan,48227,Central,FUR-CH-10000513,Furniture,Chairs,High-Back Leather Manager's Chair,389.97,3,0,35.0973
9264,CA-2015-124499,10/9/2015,10/13/2015,Standard Class,FM-14380,Fred McMath,Consumer,United States,Detroit,Michigan,48227,Central,OFF-AP-10002191,Office Supplies,Appliances,Belkin 8 Outlet SurgeMaster II Gold Surge Protector,269.91,5,0.1,53.982
9265,US-2017-128118,11/24/2017,12/1/2017,Standard Class,MY-17380,Maribeth Yedwab,Corporate,United States,Memphis,Tennessee,38109,South,OFF-BI-10000216,Office Supplies,Binders,"Mead 1st Gear 2"" Zipper Binder, Asst. Colors",11.673,3,0.7,-7.782
9266,US-2017-128118,11/24/2017,12/1/2017,Standard Class,MY-17380,Maribeth Yedwab,Corporate,United States,Memphis,Tennessee,38109,South,OFF-EN-10003448,Office Supplies,Envelopes,"Peel & Seel Recycled Catalog Envelopes, Brown",64.848,7,0.2,24.318
9267,CA-2014-125759,2/8/2014,2/9/2014,First Class,NM-18445,Nathan Mautz,Home Office,United States,North Las Vegas,Nevada,89031,West,FUR-FU-10002111,Furniture,Furnishings,"Master Caster Door Stop, Large Brown",14.56,2,0,5.5328
9268,CA-2015-151869,9/25/2015,9/25/2015,Same Day,CS-11950,Carlos Soltero,Consumer,United States,Freeport,New York,11520,East,FUR-CH-10001545,Furniture,Chairs,Hon Comfortask Task/Swivel Chairs,102.582,1,0.1,6.8388
9269,CA-2015-151869,9/25/2015,9/25/2015,Same Day,CS-11950,Carlos Soltero,Consumer,United States,Freeport,New York,11520,East,OFF-PA-10002947,Office Supplies,Paper,Xerox 1923,20.04,3,0,9.6192
9270,US-2017-102183,8/21/2017,8/28/2017,Standard Class,PK-19075,Pete Kriz,Consumer,United States,New York City,New York,10035,East,OFF-BI-10003476,Office Supplies,Binders,Avery Metallic Poly Binders,32.088,7,0.2,11.2308
9271,US-2017-102183,8/21/2017,8/28/2017,Standard Class,PK-19075,Pete Kriz,Consumer,United States,New York City,New York,10035,East,OFF-BI-10001359,Office Supplies,Binders,GBC DocuBind TL300 Electric Binding System,4305.552,6,0.2,1453.1238
9272,CA-2016-100510,5/12/2016,5/17/2016,Standard Class,HM-14860,Harry Marie,Corporate,United States,New York City,New York,10024,East,FUR-FU-10000320,Furniture,Furnishings,OIC Stacking Trays,10.02,3,0,4.4088
9273,CA-2016-100510,5/12/2016,5/17/2016,Standard Class,HM-14860,Harry Marie,Corporate,United States,New York City,New York,10024,East,TEC-PH-10001835,Technology,Phones,Jawbone JAMBOX Wireless Bluetooth Speaker,631.96,4,0,303.3408
9274,CA-2017-146983,9/2/2017,9/6/2017,Standard Class,AH-10210,Alan Hwang,Consumer,United States,Henderson,Kentucky,42420,South,OFF-BI-10003650,Office Supplies,Binders,GBC DocuBind 300 Electric Binding Machine,1577.94,3,0,757.4112
9275,US-2014-134054,10/10/2014,10/10/2014,Same Day,FC-14335,Fred Chung,Corporate,United States,Albuquerque,New Mexico,87105,West,OFF-AR-10000937,Office Supplies,Art,"Dixon Ticonderoga Core-Lock Colored Pencils, 48-Color Set",255.85,7,0,112.574
9276,CA-2016-113236,5/26/2016,5/29/2016,Second Class,CP-12085,Cathy Prescott,Corporate,United States,Delray Beach,Florida,33445,South,OFF-ST-10000532,Office Supplies,Storage,Advantus Rolling Drawer Organizers,184.704,6,0.2,13.8528
9277,CA-2016-113236,5/26/2016,5/29/2016,Second Class,CP-12085,Cathy Prescott,Corporate,United States,Delray Beach,Florida,33445,South,TEC-AC-10001267,Technology,Accessories,Imation 32GB Pocket Pro USB 3.0 Flash Drive - 32 GB - Black - 1 P ...,47.92,2,0.2,11.98
9278,CA-2017-122539,12/1/2017,12/5/2017,Standard Class,SC-20305,Sean Christensen,Consumer,United States,Philadelphia,Pennsylvania,19140,East,OFF-LA-10004853,Office Supplies,Labels,Avery 483,15.936,4,0.2,5.1792
9279,CA-2017-122539,12/1/2017,12/5/2017,Standard Class,SC-20305,Sean Christensen,Consumer,United States,Philadelphia,Pennsylvania,19140,East,OFF-BI-10001759,Office Supplies,Binders,"Acco Pressboard Covers with Storage Hooks, 14 7/8"" x 11"", Dark Blue",8.001,7,0.7,-5.6007
9280,CA-2017-122539,12/1/2017,12/5/2017,Standard Class,SC-20305,Sean Christensen,Consumer,United States,Philadelphia,Pennsylvania,19140,East,FUR-CH-10003379,Furniture,Chairs,Global Commerce Series High-Back Swivel/Tilt Chairs,398.972,2,0.3,-28.498
9281,CA-2016-166772,9/20/2016,9/24/2016,Standard Class,HJ-14875,Heather Jas,Home Office,United States,Seattle,Washington,98105,West,FUR-BO-10002853,Furniture,Bookcases,O'Sullivan 5-Shelf Heavy-Duty Bookcases,163.88,2,0,40.97
9282,US-2017-152898,9/11/2017,9/15/2017,Standard Class,CB-12025,Cassandra Brandow,Consumer,United States,Richmond,Virginia,23223,South,OFF-AP-10000027,Office Supplies,Appliances,Hoover Commercial SteamVac,67.9,5,0,20.37
9283,CA-2016-160486,12/30/2016,1/4/2017,Standard Class,EH-14185,Evan Henry,Consumer,United States,West Palm Beach,Florida,33407,South,OFF-PA-10002421,Office Supplies,Paper,Embossed Ink Jet Note Cards,72.224,4,0.2,25.2784
9284,CA-2017-102218,9/2/2017,9/4/2017,Second Class,LW-17215,Luke Weiss,Consumer,United States,Fort Collins,Colorado,80525,West,OFF-LA-10002475,Office Supplies,Labels,Avery 519,11.696,2,0.2,3.9474
9285,CA-2014-161032,11/18/2014,11/23/2014,Standard Class,MK-17905,Michael Kennedy,Corporate,United States,Franklin,Wisconsin,53132,Central,FUR-CH-10001482,Furniture,Chairs,Office Star - Mesh Screen back chair with Vinyl seat,392.94,3,0,43.2234
9286,CA-2015-102778,11/21/2015,11/24/2015,First Class,JH-15820,John Huston,Consumer,United States,Monroe,North Carolina,28110,South,FUR-FU-10000087,Furniture,Furnishings,"Executive Impressions 14"" Two-Color Numerals Wall Clock",18.176,1,0.2,4.7712
9287,CA-2017-154011,6/19/2017,6/26/2017,Standard Class,DB-13270,Deborah Brumfield,Home Office,United States,Dallas,Texas,75081,Central,OFF-BI-10003166,Office Supplies,Binders,GBC Plasticlear Binding Covers,6.888,3,0.8,-11.0208
9288,CA-2017-154011,6/19/2017,6/26/2017,Standard Class,DB-13270,Deborah Brumfield,Home Office,United States,Dallas,Texas,75081,Central,FUR-TA-10000688,Furniture,Tables,"Chromcraft Bull-Nose Wood Round Conference Table Top, Wood Base",457.485,3,0.3,-84.9615
9289,US-2017-165456,11/30/2017,12/3/2017,First Class,TB-21625,Trudy Brown,Consumer,United States,Philadelphia,Pennsylvania,19134,East,FUR-CH-10003981,Furniture,Chairs,Global Commerce Series Low-Back Swivel/Tilt Chairs,1079.316,6,0.3,-15.4188
9290,CA-2014-111857,4/23/2014,4/26/2014,Second Class,NM-18445,Nathan Mautz,Home Office,United States,San Francisco,California,94109,West,OFF-PA-10001878,Office Supplies,Paper,Xerox 1891,48.91,1,0,22.9877
9291,CA-2014-163650,9/23/2014,9/25/2014,First Class,TT-21220,Thomas Thornton,Consumer,United States,Dover,Delaware,19901,East,OFF-AR-10002375,Office Supplies,Art,Newell 351,9.84,3,0,2.8536
9292,CA-2014-163650,9/23/2014,9/25/2014,First Class,TT-21220,Thomas Thornton,Consumer,United States,Dover,Delaware,19901,East,OFF-BI-10004965,Office Supplies,Binders,Ibico Covers for Plastic or Wire Binding Elements,34.5,3,0,15.525
9293,CA-2017-124114,3/2/2017,3/2/2017,Same Day,RS-19765,Roland Schwarz,Corporate,United States,Waco,Texas,76706,Central,OFF-BI-10004022,Office Supplies,Binders,Acco Suede Grain Vinyl Round Ring Binder,0.556,1,0.8,-0.9452
9294,US-2017-116505,11/17/2017,11/21/2017,Second Class,TB-21625,Trudy Brown,Consumer,United States,Hagerstown,Maryland,21740,East,OFF-BI-10000050,Office Supplies,Binders,"Angle-D Binders with Locking Rings, Label Holders",43.8,6,0,20.586
9295,CA-2017-161340,5/28/2017,6/1/2017,Standard Class,AM-10360,Alice McCarthy,Corporate,United States,Cleveland,Ohio,44105,East,OFF-PA-10002464,Office Supplies,Paper,HP Office Recycled Paper (20Lb. and 87 Bright),13.872,3,0.2,5.0286
9296,CA-2017-161340,5/28/2017,6/1/2017,Standard Class,AM-10360,Alice McCarthy,Corporate,United States,Cleveland,Ohio,44105,East,FUR-BO-10004709,Furniture,Bookcases,"Bush Westfield Collection Bookcases, Medium Cherry Finish",115.96,4,0.5,-64.9376
9297,US-2015-163433,4/18/2015,4/22/2015,Second Class,MP-17965,Michael Paige,Corporate,United States,Mcallen,Texas,78501,Central,TEC-AC-10003590,Technology,Accessories,"TRENDnet 56K USB 2.0 Phone, Internet and Fax Modem",41.424,2,0.2,8.2848
9298,US-2015-163433,4/18/2015,4/22/2015,Second Class,MP-17965,Michael Paige,Corporate,United States,Mcallen,Texas,78501,Central,TEC-PH-10003357,Technology,Phones,Grandstream GXP2100 Mainstream Business Phone,244.768,4,0.2,24.4768
9299,US-2015-163433,4/18/2015,4/22/2015,Second Class,MP-17965,Michael Paige,Corporate,United States,Mcallen,Texas,78501,Central,OFF-AR-10003373,Office Supplies,Art,"Boston School Pro Electric Pencil Sharpener, 1670",74.352,3,0.2,6.5058
9300,US-2015-163433,4/18/2015,4/22/2015,Second Class,MP-17965,Michael Paige,Corporate,United States,Mcallen,Texas,78501,Central,OFF-BI-10003676,Office Supplies,Binders,"GBC Standard Recycled Report Covers, Clear Plastic Sheets",4.312,2,0.8,-6.8992
9301,US-2015-163433,4/18/2015,4/22/2015,Second Class,MP-17965,Michael Paige,Corporate,United States,Mcallen,Texas,78501,Central,FUR-CH-10000225,Furniture,Chairs,"Global Geo Office Task Chair, Gray",56.686,1,0.3,-20.245
9302,US-2015-163433,4/18/2015,4/22/2015,Second Class,MP-17965,Michael Paige,Corporate,United States,Mcallen,Texas,78501,Central,TEC-PH-10001870,Technology,Phones,Lunatik TT5L-002 Taktik Strike Impact Protection System for iPhone 5,97.968,2,0.2,6.123
9303,US-2015-163433,4/18/2015,4/22/2015,Second Class,MP-17965,Michael Paige,Corporate,United States,Mcallen,Texas,78501,Central,OFF-AR-10003481,Office Supplies,Art,Newell 348,7.872,3,0.2,0.8856
9304,US-2015-163433,4/18/2015,4/22/2015,Second Class,MP-17965,Michael Paige,Corporate,United States,Mcallen,Texas,78501,Central,OFF-PA-10003936,Office Supplies,Paper,Xerox 1994,15.552,3,0.2,5.4432
9305,US-2015-163433,4/18/2015,4/22/2015,Second Class,MP-17965,Michael Paige,Corporate,United States,Mcallen,Texas,78501,Central,OFF-BI-10000320,Office Supplies,Binders,GBC Plastic Binding Combs,1.476,1,0.8,-2.2878
9306,CA-2015-137603,9/19/2015,9/24/2015,Standard Class,MH-17290,Marc Harrigan,Home Office,United States,Santa Fe,New Mexico,87505,West,OFF-AR-10001972,Office Supplies,Art,Newell 323,8.4,5,0,2.184
9307,CA-2014-128237,3/25/2014,3/30/2014,Standard Class,CA-12265,Christina Anderson,Consumer,United States,San Francisco,California,94110,West,OFF-AR-10003829,Office Supplies,Art,Newell 35,6.56,2,0,1.9024
9308,CA-2014-128237,3/25/2014,3/30/2014,Standard Class,CA-12265,Christina Anderson,Consumer,United States,San Francisco,California,94110,West,OFF-AR-10003338,Office Supplies,Art,"Eberhard Faber 3 1/2"" Golf Pencils",14.88,2,0,3.72
9309,CA-2014-128237,3/25/2014,3/30/2014,Standard Class,CA-12265,Christina Anderson,Consumer,United States,San Francisco,California,94110,West,TEC-AC-10002558,Technology,Accessories,Imation Swivel Flash Drive USB flash drive - 8 GB,45.48,4,0,15.918
9310,CA-2014-128237,3/25/2014,3/30/2014,Standard Class,CA-12265,Christina Anderson,Consumer,United States,San Francisco,California,94110,West,OFF-AR-10000034,Office Supplies,Art,"BIC Brite Liner Grip Highlighters, Assorted, 5/Pack",25.44,6,0,9.9216
9311,US-2016-102141,8/26/2016,8/31/2016,Standard Class,KD-16615,Ken Dana,Corporate,United States,New York City,New York,10024,East,OFF-BI-10001510,Office Supplies,Binders,Deluxe Heavy-Duty Vinyl Round Ring Binder,146.688,8,0.2,45.84
9312,CA-2017-148642,3/6/2017,3/12/2017,Standard Class,DW-13540,Don Weiss,Consumer,United States,Dallas,Texas,75220,Central,OFF-LA-10000134,Office Supplies,Labels,Avery 511,4.928,2,0.2,1.7248
9313,CA-2017-148642,3/6/2017,3/12/2017,Standard Class,DW-13540,Don Weiss,Consumer,United States,Dallas,Texas,75220,Central,OFF-AR-10000588,Office Supplies,Art,Newell 345,63.488,4,0.2,4.7616
9314,CA-2015-111948,11/11/2015,11/11/2015,Same Day,AG-10495,Andrew Gjertsen,Corporate,United States,Detroit,Michigan,48234,Central,OFF-ST-10003282,Office Supplies,Storage,"Advantus 10-Drawer Portable Organizer, Chrome Metal Frame, Smoke Drawers",418.32,7,0,117.1296
9315,CA-2015-111948,11/11/2015,11/11/2015,Same Day,AG-10495,Andrew Gjertsen,Corporate,United States,Detroit,Michigan,48234,Central,OFF-AP-10002311,Office Supplies,Appliances,"Holmes Replacement Filter for HEPA Air Cleaner, Very Large Room, HEPA Filter",123.858,2,0.1,46.7908
9316,CA-2016-161907,4/5/2016,4/9/2016,Standard Class,JH-16180,Justin Hirsh,Consumer,United States,Philadelphia,Pennsylvania,19140,East,TEC-PH-10000141,Technology,Phones,Clearsounds A400,118.782,3,0.4,-27.7158
9317,CA-2016-161907,4/5/2016,4/9/2016,Standard Class,JH-16180,Justin Hirsh,Consumer,United States,Philadelphia,Pennsylvania,19140,East,OFF-SU-10000646,Office Supplies,Supplies,Premier Automatic Letter Opener,769.184,4,0.2,-163.4516
9318,CA-2017-124940,2/21/2017,2/26/2017,Standard Class,DK-13090,Dave Kipp,Consumer,United States,Carrollton,Texas,75007,Central,TEC-AC-10002076,Technology,Accessories,Microsoft Natural Keyboard Elite,47.904,1,0.2,-2.994
9319,US-2017-108343,7/20/2017,7/25/2017,Standard Class,AR-10825,Anthony Rawles,Corporate,United States,New York City,New York,10009,East,OFF-PA-10000743,Office Supplies,Paper,Xerox 1977,13.36,2,0,6.4128
9320,US-2017-108343,7/20/2017,7/25/2017,Standard Class,AR-10825,Anthony Rawles,Corporate,United States,New York City,New York,10009,East,FUR-CH-10002780,Furniture,Chairs,Office Star - Task Chair with Contemporary Loop Arms,163.764,2,0.1,25.4744
9321,US-2017-108343,7/20/2017,7/25/2017,Standard Class,AR-10825,Anthony Rawles,Corporate,United States,New York City,New York,10009,East,FUR-FU-10000747,Furniture,Furnishings,Tenex B1-RE Series Chair Mats for Low Pile Carpets,183.92,4,0,31.2664
9322,US-2016-111563,11/4/2016,11/8/2016,Standard Class,SM-20005,Sally Matthias,Consumer,United States,Houston,Texas,77041,Central,FUR-FU-10002445,Furniture,Furnishings,"DAX Two-Tone Rosewood/Black Document Frame, Desktop, 5 x 7",11.376,3,0.6,-5.688
9323,US-2016-111563,11/4/2016,11/8/2016,Standard Class,SM-20005,Sally Matthias,Consumer,United States,Houston,Texas,77041,Central,FUR-FU-10000723,Furniture,Furnishings,"Deflect-o EconoMat Studded, No Bevel Mat for Low Pile Carpeting",66.112,4,0.6,-84.2928
9324,CA-2017-121853,9/23/2017,9/29/2017,Standard Class,DB-13660,Duane Benoit,Consumer,United States,Los Angeles,California,90036,West,OFF-PA-10003641,Office Supplies,Paper,Xerox 1909,211.04,8,0,97.0784
9325,CA-2017-121853,9/23/2017,9/29/2017,Standard Class,DB-13660,Duane Benoit,Consumer,United States,Los Angeles,California,90036,West,FUR-CH-10003973,Furniture,Chairs,GuestStacker Chair with Chrome Finish Legs,594.816,2,0.2,59.4816
9326,CA-2017-121853,9/23/2017,9/29/2017,Standard Class,DB-13660,Duane Benoit,Consumer,United States,Los Angeles,California,90036,West,OFF-BI-10000977,Office Supplies,Binders,Ibico Plastic Spiral Binding Combs,72.96,3,0.2,23.712
9327,US-2017-130687,9/7/2017,9/10/2017,First Class,PF-19225,Phillip Flathmann,Consumer,United States,Edmonds,Washington,98026,West,FUR-FU-10004053,Furniture,Furnishings,DAX Two-Tone Silver Metal Document Frame,80.96,4,0,34.8128
9328,US-2017-130687,9/7/2017,9/10/2017,First Class,PF-19225,Phillip Flathmann,Consumer,United States,Edmonds,Washington,98026,West,TEC-PH-10002033,Technology,Phones,Konftel 250 Conference phone - Charcoal black,455.712,2,0.2,34.1784
9329,US-2017-130687,9/7/2017,9/10/2017,First Class,PF-19225,Phillip Flathmann,Consumer,United States,Edmonds,Washington,98026,West,OFF-AR-10004260,Office Supplies,Art,Boston 1799 Powerhouse Electric Pencil Sharpener,25.98,1,0,7.2744
9330,CA-2015-164497,11/28/2015,11/30/2015,First Class,AJ-10945,Ashley Jarboe,Consumer,United States,San Francisco,California,94110,West,OFF-AP-10004655,Office Supplies,Appliances,"Holmes Visible Mist Ultrasonic Humidifier with 2.3-Gallon Output per Day, Replacement Filter",45.28,4,0,15.3952
9331,US-2015-153283,11/12/2015,11/18/2015,Standard Class,EB-14110,Eugene Barchas,Consumer,United States,New York City,New York,10035,East,OFF-EN-10001539,Office Supplies,Envelopes,Staple envelope,15.56,2,0,7.3132
9332,CA-2016-108056,9/29/2016,10/3/2016,Standard Class,ES-14080,Erin Smith,Corporate,United States,Springfield,Oregon,97477,West,TEC-PH-10001817,Technology,Phones,Wilson Electronics DB Pro Signal Booster,859.2,3,0.2,75.18
9333,CA-2017-127726,9/11/2017,9/13/2017,Second Class,SS-20410,Shahid Shariari,Consumer,United States,Georgetown,Kentucky,40324,South,OFF-AP-10002578,Office Supplies,Appliances,"Fellowes Premier Superior Surge Suppressor, 10-Outlet, With Phone and Remote",195.68,4,0,50.8768
9334,CA-2017-127726,9/11/2017,9/13/2017,Second Class,SS-20410,Shahid Shariari,Consumer,United States,Georgetown,Kentucky,40324,South,OFF-FA-10000992,Office Supplies,Fasteners,"Acco Clips to Go Binder Clips, 24 Clips in Two Sizes",14.2,4,0,6.674
9335,CA-2017-110198,5/1/2017,5/2/2017,First Class,AG-10900,Arthur Gainer,Consumer,United States,Coral Springs,Florida,33065,South,FUR-BO-10001798,Furniture,Bookcases,Bush Somerset Collection Bookcase,314.352,3,0.2,-15.7176
9336,CA-2017-110198,5/1/2017,5/2/2017,First Class,AG-10900,Arthur Gainer,Consumer,United States,Coral Springs,Florida,33065,South,OFF-LA-10004409,Office Supplies,Labels,Avery 492,4.608,2,0.2,1.4976
9337,CA-2017-130715,9/16/2017,9/20/2017,Standard Class,CY-12745,Craig Yedwab,Corporate,United States,San Francisco,California,94110,West,OFF-FA-10000621,Office Supplies,Fasteners,"OIC Colored Binder Clips, Assorted Sizes",17.9,5,0,8.771
9338,CA-2014-155264,10/19/2014,10/22/2014,Second Class,RP-19270,Rachel Payne,Corporate,United States,San Francisco,California,94110,West,OFF-BI-10003196,Office Supplies,Binders,Accohide Poly Flexible Ring Binders,2.992,1,0.2,1.122
9339,CA-2014-155264,10/19/2014,10/22/2014,Second Class,RP-19270,Rachel Payne,Corporate,United States,San Francisco,California,94110,West,OFF-BI-10003727,Office Supplies,Binders,Avery Durable Slant Ring Binders With Label Holder,20.064,6,0.2,7.0224
9340,CA-2014-155264,10/19/2014,10/22/2014,Second Class,RP-19270,Rachel Payne,Corporate,United States,San Francisco,California,94110,West,OFF-PA-10003228,Office Supplies,Paper,Xerox 1917,146.73,3,0,68.9631
9341,CA-2014-155264,10/19/2014,10/22/2014,Second Class,RP-19270,Rachel Payne,Corporate,United States,San Francisco,California,94110,West,OFF-LA-10002787,Office Supplies,Labels,Avery 480,18.75,5,0,9
9342,CA-2014-155264,10/19/2014,10/22/2014,Second Class,RP-19270,Rachel Payne,Corporate,United States,San Francisco,California,94110,West,TEC-PH-10001305,Technology,Phones,Panasonic KX TS208W Corded phone,117.576,3,0.2,11.7576
9343,CA-2016-119123,3/13/2016,3/18/2016,Standard Class,DB-13360,Dennis Bolton,Home Office,United States,Riverside,California,92503,West,OFF-BI-10001036,Office Supplies,Binders,Cardinal EasyOpen D-Ring Binders,51.184,7,0.2,19.194
9344,CA-2017-109085,2/17/2017,2/20/2017,First Class,CK-12325,Christine Kargatis,Home Office,United States,Troy,Ohio,45373,East,FUR-TA-10001086,Furniture,Tables,"SAFCO PlanMaster Boards, 60w x 37-1/2d, White Melamine",455.97,5,0.4,-106.393
9345,CA-2017-109085,2/17/2017,2/20/2017,First Class,CK-12325,Christine Kargatis,Home Office,United States,Troy,Ohio,45373,East,OFF-BI-10001525,Office Supplies,Binders,"Acco Pressboard Covers with Storage Hooks, 14 7/8"" x 11"", Executive Red",5.715,5,0.7,-4.7625
9346,CA-2017-109085,2/17/2017,2/20/2017,First Class,CK-12325,Christine Kargatis,Home Office,United States,Troy,Ohio,45373,East,TEC-PH-10000526,Technology,Phones,Vtech CS6719,57.594,1,0.4,-11.5188
9347,CA-2017-109085,2/17/2017,2/20/2017,First Class,CK-12325,Christine Kargatis,Home Office,United States,Troy,Ohio,45373,East,FUR-FU-10004973,Furniture,Furnishings,Flat Face Poster Frame,30.144,2,0.2,8.2896
9348,CA-2017-109085,2/17/2017,2/20/2017,First Class,CK-12325,Christine Kargatis,Home Office,United States,Troy,Ohio,45373,East,FUR-CH-10003981,Furniture,Chairs,Global Commerce Series Low-Back Swivel/Tilt Chairs,899.43,5,0.3,-12.849
9349,CA-2016-114860,12/22/2016,12/28/2016,Standard Class,DN-13690,Duane Noonan,Consumer,United States,Moreno Valley,California,92553,West,FUR-FU-10000277,Furniture,Furnishings,Deflect-o DuraMat Antistatic Studded Beveled Mat for Medium Pile Carpeting,842.72,8,0,202.2528
9350,CA-2016-114860,12/22/2016,12/28/2016,Standard Class,DN-13690,Duane Noonan,Consumer,United States,Moreno Valley,California,92553,West,FUR-FU-10001934,Furniture,Furnishings,Magnifier Swing Arm Lamp,41.96,2,0,10.9096
9351,CA-2016-159009,9/23/2016,9/27/2016,Standard Class,DP-13105,Dave Poirier,Corporate,United States,Seattle,Washington,98115,West,OFF-BI-10004970,Office Supplies,Binders,"ACCOHIDE 3-Ring Binder, Blue, 1""",13.216,4,0.2,4.4604
9352,CA-2016-159009,9/23/2016,9/27/2016,Standard Class,DP-13105,Dave Poirier,Corporate,United States,Seattle,Washington,98115,West,FUR-CH-10003396,Furniture,Chairs,Global Deluxe Steno Chair,184.752,3,0.2,-20.7846
9353,CA-2017-148411,9/24/2017,9/26/2017,First Class,RO-19780,Rose O'Brian,Consumer,United States,Chicago,Illinois,60623,Central,FUR-CH-10003973,Furniture,Chairs,GuestStacker Chair with Chrome Finish Legs,520.464,2,0.3,-14.8704
9354,CA-2017-148411,9/24/2017,9/26/2017,First Class,RO-19780,Rose O'Brian,Consumer,United States,Chicago,Illinois,60623,Central,OFF-PA-10002109,Office Supplies,Paper,Wirebound Voice Message Log Book,11.424,3,0.2,3.7128
9355,CA-2015-110324,12/1/2015,12/5/2015,Standard Class,MA-17560,Matt Abelman,Home Office,United States,Jackson,Michigan,49201,Central,OFF-PA-10001826,Office Supplies,Paper,Xerox 207,19.44,3,0,9.3312
9356,CA-2015-110324,12/1/2015,12/5/2015,Standard Class,MA-17560,Matt Abelman,Home Office,United States,Jackson,Michigan,49201,Central,OFF-AR-10000823,Office Supplies,Art,Newell 307,3.64,2,0,1.0192
9357,CA-2015-110324,12/1/2015,12/5/2015,Standard Class,MA-17560,Matt Abelman,Home Office,United States,Jackson,Michigan,49201,Central,OFF-PA-10001776,Office Supplies,Paper,"Wirebound Message Books, Four 2 3/4"" x 5"" Forms per Page, 600 Sets per Book",18.54,2,0,8.7138
9358,CA-2016-168046,1/25/2016,1/28/2016,Second Class,JD-15895,Jonathan Doherty,Corporate,United States,New York City,New York,10024,East,OFF-BI-10003676,Office Supplies,Binders,"GBC Standard Recycled Report Covers, Clear Plastic Sheets",43.12,5,0.2,15.092
9359,CA-2016-168046,1/25/2016,1/28/2016,Second Class,JD-15895,Jonathan Doherty,Corporate,United States,New York City,New York,10024,East,FUR-TA-10001095,Furniture,Tables,Chromcraft Round Conference Tables,313.722,3,0.4,-99.3453
9360,CA-2016-168046,1/25/2016,1/28/2016,Second Class,JD-15895,Jonathan Doherty,Corporate,United States,New York City,New York,10024,East,FUR-FU-10000747,Furniture,Furnishings,Tenex B1-RE Series Chair Mats for Low Pile Carpets,45.98,1,0,7.8166
9361,CA-2016-168046,1/25/2016,1/28/2016,Second Class,JD-15895,Jonathan Doherty,Corporate,United States,New York City,New York,10024,East,OFF-ST-10004337,Office Supplies,Storage,"SAFCO Commercial Wire Shelving, 72h",428.68,7,0,0
9362,CA-2017-111591,3/21/2017,3/25/2017,Standard Class,PS-18970,Paul Stevenson,Home Office,United States,Seattle,Washington,98105,West,OFF-BI-10004410,Office Supplies,Binders,"C-Line Peel & Stick Add-On Filing Pockets, 8-3/4 x 5-1/8, 10/Pack",30.576,6,0.2,10.3194
9363,CA-2017-111591,3/21/2017,3/25/2017,Standard Class,PS-18970,Paul Stevenson,Home Office,United States,Seattle,Washington,98105,West,OFF-FA-10004838,Office Supplies,Fasteners,"Super Bands, 12/Pack",13.02,7,0,0.3906
9364,CA-2017-111591,3/21/2017,3/25/2017,Standard Class,PS-18970,Paul Stevenson,Home Office,United States,Seattle,Washington,98105,West,FUR-FU-10002364,Furniture,Furnishings,"Eldon Expressions Wood Desk Accessories, Oak",22.14,3,0,6.4206
9365,CA-2017-111591,3/21/2017,3/25/2017,Standard Class,PS-18970,Paul Stevenson,Home Office,United States,Seattle,Washington,98105,West,OFF-ST-10001809,Office Supplies,Storage,Fellowes Officeware Wire Shelving,359.32,4,0,7.1864
9366,US-2014-166828,8/22/2014,8/25/2014,First Class,JF-15415,Jennifer Ferguson,Consumer,United States,Saint Charles,Missouri,63301,Central,OFF-PA-10001846,Office Supplies,Paper,Xerox 1899,11.56,2,0,5.6644
9367,CA-2014-108147,6/8/2014,6/13/2014,Standard Class,RD-19480,Rick Duston,Consumer,United States,Long Beach,New York,11561,East,OFF-BI-10003876,Office Supplies,Binders,"Green Canvas Binder for 8-1/2"" x 14"" Sheets",68.48,2,0.2,25.68
9368,CA-2014-108147,6/8/2014,6/13/2014,Standard Class,RD-19480,Rick Duston,Consumer,United States,Long Beach,New York,11561,East,OFF-ST-10003470,Office Supplies,Storage,"Tennsco Snap-Together Open Shelving Units, Starter Sets and Add-On Units",1676.88,6,0,83.844
9369,CA-2016-154998,4/7/2016,4/9/2016,First Class,ES-14080,Erin Smith,Corporate,United States,Lakewood,New Jersey,8701,East,OFF-PA-10004243,Office Supplies,Paper,Xerox 1939,37.94,2,0,18.2112
9370,CA-2017-113460,11/7/2017,11/9/2017,Second Class,KN-16390,Katherine Nockton,Corporate,United States,Clinton,Maryland,20735,East,FUR-CH-10000422,Furniture,Chairs,Global Highback Leather Tilter in Burgundy,272.97,3,0,43.6752
9371,CA-2015-111339,5/29/2015,5/31/2015,First Class,VP-21760,Victoria Pisteka,Corporate,United States,Columbus,Ohio,43229,East,FUR-FU-10002506,Furniture,Furnishings,"Tensor ""Hersey Kiss"" Styled Floor Lamp",41.568,4,0.2,-4.1568
9372,CA-2015-111339,5/29/2015,5/31/2015,First Class,VP-21760,Victoria Pisteka,Corporate,United States,Columbus,Ohio,43229,East,FUR-CH-10000863,Furniture,Chairs,Novimex Swivel Fabric Task Chair,317.058,3,0.3,-86.0586
9373,CA-2015-111339,5/29/2015,5/31/2015,First Class,VP-21760,Victoria Pisteka,Corporate,United States,Columbus,Ohio,43229,East,OFF-FA-10002988,Office Supplies,Fasteners,Ideal Clamps,8.04,5,0.2,2.9145
9374,CA-2017-102820,5/7/2017,5/11/2017,Standard Class,CS-11950,Carlos Soltero,Consumer,United States,Pasadena,California,91104,West,TEC-PH-10003437,Technology,Phones,Blue Parrot B250XT Professional Grade Wireless Bluetooth Headset with,419.944,7,0.2,52.493
9375,CA-2016-149671,6/5/2016,6/9/2016,Standard Class,KB-16600,Ken Brennan,Corporate,United States,Seattle,Washington,98105,West,OFF-SU-10002537,Office Supplies,Supplies,Acme Box Cutter Scissors,61.38,6,0,15.9588
9376,CA-2015-126347,12/14/2015,12/19/2015,Second Class,AJ-10945,Ashley Jarboe,Consumer,United States,Los Angeles,California,90045,West,TEC-AC-10003063,Technology,Accessories,Micro Innovations USB RF Wireless Keyboard with Mouse,50,2,0,10.5
9377,CA-2017-108756,12/25/2017,12/29/2017,Standard Class,PO-18865,Patrick O'Donnell,Consumer,United States,East Orange,New Jersey,7017,East,TEC-AC-10003237,Technology,Accessories,Memorex Micro Travel Drive 4 GB,31.8,3,0,13.674
9378,CA-2017-155362,12/17/2017,12/21/2017,Standard Class,DP-13105,Dave Poirier,Corporate,United States,Eau Claire,Wisconsin,54703,Central,OFF-ST-10001031,Office Supplies,Storage,Adjustable Personal File Tote,32.56,2,0,8.4656
9379,CA-2016-117625,5/10/2016,5/15/2016,Standard Class,GM-14500,Gene McClure,Consumer,United States,Chicago,Illinois,60610,Central,OFF-EN-10001535,Office Supplies,Envelopes,Grip Seal Envelopes,7.072,2,0.2,2.3868
9380,CA-2014-154158,12/23/2014,12/27/2014,Second Class,CC-12670,Craig Carreira,Consumer,United States,Tampa,Florida,33614,South,OFF-PA-10001295,Office Supplies,Paper,Computer Printout Paper with Letter-Trim Perforations,45.528,3,0.2,15.9348
9381,CA-2014-154158,12/23/2014,12/27/2014,Second Class,CC-12670,Craig Carreira,Consumer,United States,Tampa,Florida,33614,South,FUR-CH-10004698,Furniture,Chairs,"Padded Folding Chairs, Black, 4/Carton",64.784,1,0.2,6.4784
9382,CA-2014-154158,12/23/2014,12/27/2014,Second Class,CC-12670,Craig Carreira,Consumer,United States,Tampa,Florida,33614,South,OFF-ST-10000078,Office Supplies,Storage,Tennsco 6- and 18-Compartment Lockers,424.272,2,0.2,-10.6068
9383,CA-2014-154158,12/23/2014,12/27/2014,Second Class,CC-12670,Craig Carreira,Consumer,United States,Tampa,Florida,33614,South,OFF-AR-10001868,Office Supplies,Art,Prang Dustless Chalk Sticks,1.344,1,0.2,0.504
9384,CA-2014-154158,12/23/2014,12/27/2014,Second Class,CC-12670,Craig Carreira,Consumer,United States,Tampa,Florida,33614,South,OFF-ST-10004950,Office Supplies,Storage,Acco Perma 3000 Stacking Storage Drawers,83.92,5,0.2,-1.049
9385,CA-2017-100433,8/11/2017,8/16/2017,Standard Class,SJ-20125,Sanjit Jacobs,Home Office,United States,New York City,New York,10009,East,OFF-PA-10003441,Office Supplies,Paper,Xerox 226,25.92,4,0,12.4416
9386,CA-2017-163097,8/27/2017,8/31/2017,Standard Class,SF-20200,Sarah Foster,Consumer,United States,Mesa,Arizona,85204,West,FUR-FU-10004973,Furniture,Furnishings,Flat Face Poster Frame,120.576,8,0.2,33.1584
9387,US-2017-127292,1/19/2017,1/23/2017,Standard Class,RM-19375,Raymond Messe,Consumer,United States,Burlington,Vermont,5408,East,OFF-PA-10000157,Office Supplies,Paper,Xerox 191,79.92,4,0,37.5624
9388,US-2017-127292,1/19/2017,1/23/2017,Standard Class,RM-19375,Raymond Messe,Consumer,United States,Burlington,Vermont,5408,East,OFF-PA-10001970,Office Supplies,Paper,Xerox 1881,12.28,1,0,5.7716
9389,US-2017-127292,1/19/2017,1/23/2017,Standard Class,RM-19375,Raymond Messe,Consumer,United States,Burlington,Vermont,5408,East,OFF-AP-10000828,Office Supplies,Appliances,Avanti 4.4 Cu. Ft. Refrigerator,542.94,3,0,152.0232
9390,US-2017-127292,1/19/2017,1/23/2017,Standard Class,RM-19375,Raymond Messe,Consumer,United States,Burlington,Vermont,5408,East,OFF-EN-10001509,Office Supplies,Envelopes,Poly String Tie Envelopes,2.04,1,0,0.9588
9391,CA-2015-163734,6/19/2015,6/24/2015,Standard Class,KM-16375,Katherine Murray,Home Office,United States,Houston,Texas,77070,Central,OFF-ST-10003692,Office Supplies,Storage,Recycled Steel Personal File for Hanging File Folders,228.92,5,0.2,14.3075
9392,CA-2017-162474,3/13/2017,3/16/2017,First Class,FH-14275,Frank Hawley,Corporate,United States,Aurora,Illinois,60505,Central,TEC-PH-10004700,Technology,Phones,PowerGen Dual USB Car Charger,7.992,1,0.2,2.5974
9393,CA-2015-130848,10/25/2015,10/25/2015,Same Day,DG-13300,Deirdre Greer,Corporate,United States,Denver,Colorado,80219,West,FUR-CH-10000422,Furniture,Chairs,Global Highback Leather Tilter in Burgundy,582.336,8,0.2,-29.1168
9394,CA-2014-125997,9/20/2014,9/23/2014,First Class,MW-18220,Mitch Webber,Consumer,United States,New York City,New York,10011,East,TEC-PH-10003484,Technology,Phones,Ooma Telo VoIP Home Phone System,629.95,5,0,157.4875
9395,CA-2014-125997,9/20/2014,9/23/2014,First Class,MW-18220,Mitch Webber,Consumer,United States,New York City,New York,10011,East,FUR-CH-10001394,Furniture,Chairs,Global Leather Executive Chair,631.782,2,0.1,140.396
9396,CA-2014-125997,9/20/2014,9/23/2014,First Class,MW-18220,Mitch Webber,Consumer,United States,New York City,New York,10011,East,FUR-BO-10002213,Furniture,Bookcases,DMI Eclipse Executive Suite Bookcases,801.568,2,0.2,-10.0196
9397,CA-2014-125997,9/20/2014,9/23/2014,First Class,MW-18220,Mitch Webber,Consumer,United States,New York City,New York,10011,East,OFF-LA-10002762,Office Supplies,Labels,Avery 485,75.18,6,0,35.3346
9398,CA-2014-125997,9/20/2014,9/23/2014,First Class,MW-18220,Mitch Webber,Consumer,United States,New York City,New York,10011,East,OFF-AP-10003842,Office Supplies,Appliances,Euro-Pro Shark Turbo Vacuum,30.98,1,0,8.0548
9399,CA-2014-125997,9/20/2014,9/23/2014,First Class,MW-18220,Mitch Webber,Consumer,United States,New York City,New York,10011,East,TEC-PH-10003072,Technology,Phones,Panasonic KX-TG9541B DECT 6.0 Digital 2-Line Expandable Cordless Phone With Digital Answering System,1349.91,9,0,661.4559
9400,CA-2016-103128,11/11/2016,11/15/2016,Standard Class,SC-20845,Sung Chung,Consumer,United States,Arlington Heights,Illinois,60004,Central,OFF-AR-10003394,Office Supplies,Art,Newell 332,14.112,6,0.2,1.2348
9401,CA-2015-167696,9/16/2015,9/21/2015,Standard Class,BD-11500,Bradley Drucker,Consumer,United States,Newport News,Virginia,23602,South,OFF-EN-10001539,Office Supplies,Envelopes,Staple envelope,31.12,4,0,14.6264
9402,CA-2014-159814,6/24/2014,6/28/2014,Standard Class,LP-17080,Liz Pelletier,Consumer,United States,Tucson,Arizona,85705,West,FUR-FU-10001731,Furniture,Furnishings,Acrylic Self-Standing Desk Frames,4.272,2,0.2,0.9612
9403,CA-2016-105459,8/12/2016,8/17/2016,Second Class,NP-18700,Nora Preis,Consumer,United States,New York City,New York,10024,East,FUR-TA-10001095,Furniture,Tables,Chromcraft Round Conference Tables,209.148,2,0.4,-66.2302
9404,CA-2016-105459,8/12/2016,8/17/2016,Second Class,NP-18700,Nora Preis,Consumer,United States,New York City,New York,10024,East,OFF-ST-10000078,Office Supplies,Storage,Tennsco 6- and 18-Compartment Lockers,1591.02,6,0,286.3836
9405,CA-2017-141663,4/13/2017,4/17/2017,Standard Class,DP-13105,Dave Poirier,Corporate,United States,Philadelphia,Pennsylvania,19134,East,OFF-FA-10004076,Office Supplies,Fasteners,Translucent Push Pins by OIC,7.92,5,0.2,1.683
9406,CA-2014-152618,3/14/2014,3/17/2014,First Class,RB-19465,Rick Bensley,Home Office,United States,Chicago,Illinois,60653,Central,TEC-MA-10003626,Technology,Machines,Hewlett-Packard Deskjet 6540 Color Inkjet Printer,574.91,2,0.3,156.047
9407,CA-2014-152618,3/14/2014,3/17/2014,First Class,RB-19465,Rick Bensley,Home Office,United States,Chicago,Illinois,60653,Central,OFF-PA-10001215,Office Supplies,Paper,Xerox 1963,8.448,2,0.2,2.64
9408,CA-2017-162789,9/22/2017,9/24/2017,Second Class,LC-17140,Logan Currie,Consumer,United States,New York City,New York,10035,East,TEC-AC-10002842,Technology,Accessories,WD My Passport Ultra 2TB Portable External Hard Drive,1071,9,0,171.36
9409,CA-2017-162789,9/22/2017,9/24/2017,Second Class,LC-17140,Logan Currie,Consumer,United States,New York City,New York,10035,East,FUR-FU-10004864,Furniture,Furnishings,Eldon 500 Class Desk Accessories,12.07,1,0,3.9831
9410,US-2017-110149,12/10/2017,12/13/2017,First Class,WB-21850,William Brown,Consumer,United States,Philadelphia,Pennsylvania,19143,East,OFF-BI-10000014,Office Supplies,Binders,Heavy-Duty E-Z-D Binders,3.273,1,0.7,-2.5093
9411,US-2017-110149,12/10/2017,12/13/2017,First Class,WB-21850,William Brown,Consumer,United States,Philadelphia,Pennsylvania,19143,East,FUR-FU-10001475,Furniture,Furnishings,"Contract Clock, 14"", Brown",87.92,5,0.2,15.386
9412,CA-2016-108959,3/10/2016,3/14/2016,Second Class,MH-17785,Maya Herman,Corporate,United States,Glendale,Arizona,85301,West,OFF-ST-10001272,Office Supplies,Storage,"Mini 13-1/2 Capacity Data Binder Rack, Pearl",104.696,1,0.2,6.5435
9413,CA-2015-164777,1/27/2015,1/29/2015,First Class,SC-20305,Sean Christensen,Consumer,United States,Los Angeles,California,90036,West,FUR-CH-10002024,Furniture,Chairs,HON 5400 Series Task Chairs for Big and Tall,2803.92,5,0.2,0
9414,CA-2016-132017,9/26/2016,9/27/2016,First Class,MH-17620,Matt Hagelstein,Corporate,United States,Houston,Texas,77041,Central,OFF-BI-10004001,Office Supplies,Binders,GBC Recycled VeloBinder Covers,6.816,2,0.8,-11.5872
9415,CA-2015-127824,10/18/2015,10/22/2015,Standard Class,JC-15775,John Castell,Consumer,United States,Seattle,Washington,98115,West,TEC-PH-10004094,Technology,Phones,Motorola L703CM,249.584,2,0.2,15.599
9416,CA-2015-127824,10/18/2015,10/22/2015,Standard Class,JC-15775,John Castell,Consumer,United States,Seattle,Washington,98115,West,OFF-PA-10001184,Office Supplies,Paper,Xerox 1903,17.94,3,0,8.7906
9417,CA-2015-127824,10/18/2015,10/22/2015,Standard Class,JC-15775,John Castell,Consumer,United States,Seattle,Washington,98115,West,FUR-FU-10002505,Furniture,Furnishings,Eldon 100 Class Desk Accessories,10.11,3,0,3.2352
9418,CA-2014-148285,10/27/2014,11/1/2014,Standard Class,RD-19810,Ross DeVincentis,Home Office,United States,Fayetteville,North Carolina,28314,South,OFF-PA-10001166,Office Supplies,Paper,Xerox 2,10.368,2,0.2,3.6288
9419,CA-2014-148285,10/27/2014,11/1/2014,Standard Class,RD-19810,Ross DeVincentis,Home Office,United States,Fayetteville,North Carolina,28314,South,OFF-PA-10000349,Office Supplies,Paper,Easy-staple paper,11.952,3,0.2,4.0338
9420,CA-2017-152926,10/2/2017,10/4/2017,Second Class,SC-20695,Steve Chapman,Corporate,United States,Houston,Texas,77041,Central,OFF-AP-10004708,Office Supplies,Appliances,Fellowes Superior 10 Outlet Split Surge Protector,15.224,2,0.8,-38.8212
9421,CA-2017-152926,10/2/2017,10/4/2017,Second Class,SC-20695,Steve Chapman,Corporate,United States,Houston,Texas,77041,Central,OFF-AP-10001947,Office Supplies,Appliances,Acco 6 Outlet Guardian Premium Plus Surge Suppressor,21.984,6,0.8,-56.0592
9422,CA-2014-145254,7/23/2014,7/27/2014,Standard Class,NC-18535,Nick Crebassa,Corporate,United States,San Francisco,California,94122,West,TEC-PH-10000441,Technology,Phones,VTech DS6151,604.752,6,0.2,60.4752
9423,CA-2014-145254,7/23/2014,7/27/2014,Standard Class,NC-18535,Nick Crebassa,Corporate,United States,San Francisco,California,94122,West,OFF-SU-10004664,Office Supplies,Supplies,Acme Softgrip Scissors,40.7,5,0,11.803
9424,CA-2014-145254,7/23/2014,7/27/2014,Standard Class,NC-18535,Nick Crebassa,Corporate,United States,San Francisco,California,94122,West,TEC-PH-10004531,Technology,Phones,AT&T CL2909,302.376,3,0.2,37.797
9425,CA-2014-145254,7/23/2014,7/27/2014,Standard Class,NC-18535,Nick Crebassa,Corporate,United States,San Francisco,California,94122,West,TEC-AC-10002167,Technology,Accessories,Imation 8gb Micro Traveldrive Usb 2.0 Flash Drive,45,3,0,4.95
9426,CA-2014-116246,9/12/2014,9/17/2014,Second Class,LW-17215,Luke Weiss,Consumer,United States,New York City,New York,10035,East,FUR-CH-10002024,Furniture,Chairs,HON 5400 Series Task Chairs for Big and Tall,3785.292,6,0.1,420.588
9427,CA-2016-160479,9/15/2016,9/20/2016,Standard Class,AH-10585,Angele Hood,Consumer,United States,Seattle,Washington,98105,West,OFF-AR-10002445,Office Supplies,Art,SANFORD Major Accent Highlighters,35.4,5,0,13.452
9428,CA-2014-167486,11/27/2014,12/1/2014,Standard Class,JO-15145,Jack O'Briant,Corporate,United States,Buffalo,New York,14215,East,FUR-FU-10003268,Furniture,Furnishings,Eldon Radial Chair Mat for Low to Medium Pile Carpets,199.9,5,0,39.98
9429,CA-2014-152100,5/11/2014,5/16/2014,Standard Class,VW-21775,Victoria Wilson,Corporate,United States,Huntsville,Texas,77340,Central,FUR-CH-10000015,Furniture,Chairs,Hon Multipurpose Stacking Arm Chairs,1212.96,8,0.3,-69.312
9430,CA-2015-166219,8/28/2015,9/1/2015,Standard Class,BP-11185,Ben Peterman,Corporate,United States,Dallas,Texas,75081,Central,TEC-PH-10004165,Technology,Phones,Mitel MiVoice 5330e IP Phone,1099.96,5,0.2,82.497
9431,CA-2015-166219,8/28/2015,9/1/2015,Standard Class,BP-11185,Ben Peterman,Corporate,United States,Dallas,Texas,75081,Central,FUR-TA-10004607,Furniture,Tables,Hon 2111 Invitation Series Straight Table,103.481,1,0.3,-16.2613
9432,CA-2015-111864,6/19/2015,6/19/2015,Same Day,PP-18955,Paul Prost,Home Office,United States,Philadelphia,Pennsylvania,19134,East,OFF-LA-10004677,Office Supplies,Labels,Self-Adhesive Address Labels for Typewriters with Dispenser Box,5.904,2,0.2,1.9926
9433,CA-2015-119627,8/17/2015,8/23/2015,Standard Class,SC-20725,Steven Cartwright,Consumer,United States,Peoria,Arizona,85345,West,TEC-AC-10002217,Technology,Accessories,Imation Clip USB flash drive - 8 GB,30.08,2,0.2,-5.264
9434,CA-2015-119627,8/17/2015,8/23/2015,Standard Class,SC-20725,Steven Cartwright,Consumer,United States,Peoria,Arizona,85345,West,OFF-PA-10001937,Office Supplies,Paper,Xerox 21,36.288,7,0.2,12.7008
9435,CA-2015-119627,8/17/2015,8/23/2015,Standard Class,SC-20725,Steven Cartwright,Consumer,United States,Peoria,Arizona,85345,West,OFF-AR-10000203,Office Supplies,Art,Newell 336,10.272,3,0.2,1.1556
9436,CA-2015-119627,8/17/2015,8/23/2015,Standard Class,SC-20725,Steven Cartwright,Consumer,United States,Peoria,Arizona,85345,West,TEC-AC-10001142,Technology,Accessories,First Data FD10 PIN Pad,252.8,4,0.2,-31.6
9437,CA-2015-160787,9/25/2015,9/25/2015,Same Day,BM-11785,Bryan Mills,Consumer,United States,Philadelphia,Pennsylvania,19143,East,OFF-BI-10003712,Office Supplies,Binders,"Acco Pressboard Covers with Storage Hooks, 14 7/8"" x 11"", Light Blue",2.946,2,0.7,-2.0622
9438,CA-2017-107853,5/26/2017,5/31/2017,Standard Class,CD-11920,Carlos Daly,Consumer,United States,Oceanside,California,92054,West,OFF-PA-10000520,Office Supplies,Paper,Xerox 201,12.96,2,0,6.2208
9439,CA-2017-126144,7/31/2017,8/5/2017,Standard Class,GM-14680,Greg Matthias,Consumer,United States,Philadelphia,Pennsylvania,19134,East,TEC-PH-10001079,Technology,Phones,Polycom SoundPoint Pro SE-225 Corded phone,285.576,4,0.4,-57.1152
9440,US-2014-154655,10/12/2014,10/17/2014,Standard Class,BP-11050,Barry Pond,Corporate,United States,Chicago,Illinois,60623,Central,OFF-SU-10000898,Office Supplies,Supplies,"Acme Hot Forged Carbon Steel Scissors with Nickel-Plated Handles, 3 7/8"" Cut, 8""L",22.24,2,0.2,2.502
9441,CA-2014-100391,5/25/2014,5/29/2014,Standard Class,BW-11065,Barry Weirich,Consumer,United States,New York City,New York,10035,East,OFF-PA-10001471,Office Supplies,Paper,Strathmore Photo Frame Cards,14.62,2,0,6.7252
9442,CA-2014-165477,12/29/2014,12/31/2014,Second Class,RE-19405,Ricardo Emerson,Consumer,United States,Kent,Ohio,44240,East,OFF-AP-10003281,Office Supplies,Appliances,Acco 6 Outlet Guardian Standard Surge Suppressor,48.36,5,0.2,6.045
9443,CA-2017-165904,4/7/2017,4/11/2017,Standard Class,HR-14770,Hallie Redmond,Home Office,United States,Jacksonville,Florida,32216,South,OFF-AR-10003156,Office Supplies,Art,50 Colored Long Pencils,16.256,2,0.2,1.2192
9444,CA-2017-165904,4/7/2017,4/11/2017,Standard Class,HR-14770,Hallie Redmond,Home Office,United States,Jacksonville,Florida,32216,South,TEC-PH-10000576,Technology,Phones,AT&T 1080 Corded phone,219.184,2,0.2,19.1786
9445,CA-2015-104052,3/1/2015,3/2/2015,First Class,TP-21565,Tracy Poddar,Corporate,United States,Coppell,Texas,75019,Central,TEC-PH-10003215,Technology,Phones,Jackery Bar Premium Fast-charging Portable Charger,95.84,4,0.2,34.742
9446,CA-2015-168277,5/29/2015,6/3/2015,Standard Class,KB-16315,Karl Braun,Consumer,United States,Indianapolis,Indiana,46203,Central,OFF-LA-10004484,Office Supplies,Labels,Avery 476,12.39,3,0,5.6994
9447,CA-2016-158617,9/22/2016,9/28/2016,Standard Class,AC-10660,Anna Chung,Consumer,United States,Lawrence,Indiana,46226,Central,OFF-PA-10002245,Office Supplies,Paper,Xerox 1895,35.88,6,0,16.146
9448,CA-2017-136882,5/27/2017,6/3/2017,Standard Class,DN-13690,Duane Noonan,Consumer,United States,Tulsa,Oklahoma,74133,Central,FUR-FU-10003664,Furniture,Furnishings,"Electrix Architect's Clamp-On Swing Arm Lamp, Black",477.3,5,0,138.417
9449,US-2016-148957,9/17/2016,9/23/2016,Standard Class,CC-12430,Chuck Clark,Home Office,United States,Redmond,Washington,98052,West,OFF-LA-10002195,Office Supplies,Labels,Avery 481,12.32,4,0,5.9136
9450,CA-2014-140032,9/8/2014,9/13/2014,Standard Class,TS-21340,Toby Swindell,Consumer,United States,San Francisco,California,94109,West,OFF-BI-10000822,Office Supplies,Binders,"Acco PRESSTEX Data Binder with Storage Hooks, Light Blue, 9 1/2"" X 11""",8.608,2,0.2,3.0128
9451,CA-2017-145506,6/3/2017,6/7/2017,Standard Class,MO-17800,Meg O'Connel,Home Office,United States,Spokane,Washington,99207,West,OFF-ST-10004963,Office Supplies,Storage,Eldon Gobal File Keepers,136.26,9,0,5.4504
9452,CA-2015-129546,9/28/2015,10/5/2015,Standard Class,RP-19855,Roy Phan,Corporate,United States,Los Angeles,California,90032,West,OFF-AP-10002495,Office Supplies,Appliances,"Acco Smartsocket Table Surge Protector, 6 Color-Coded Adapter Outlets",186.15,3,0,55.845
9453,CA-2015-129546,9/28/2015,10/5/2015,Standard Class,RP-19855,Roy Phan,Corporate,United States,Los Angeles,California,90032,West,OFF-BI-10004001,Office Supplies,Binders,GBC Recycled VeloBinder Covers,81.792,6,0.2,26.5824
9454,CA-2015-129546,9/28/2015,10/5/2015,Standard Class,RP-19855,Roy Phan,Corporate,United States,Los Angeles,California,90032,West,OFF-SU-10004884,Office Supplies,Supplies,Acme Galleria Hot Forged Steel Scissors with Colored Handles,47.19,3,0,13.6851
9455,CA-2015-129546,9/28/2015,10/5/2015,Standard Class,RP-19855,Roy Phan,Corporate,United States,Los Angeles,California,90032,West,TEC-PH-10003555,Technology,Phones,Motorola HK250 Universal Bluetooth Headset,36.784,2,0.2,-8.2764
9456,CA-2016-140977,6/16/2016,6/19/2016,Second Class,JL-15175,James Lanier,Home Office,United States,Chattanooga,Tennessee,37421,South,TEC-MA-10003493,Technology,Machines,Penpower WorldCard Pro Card Scanner,91.475,1,0.5,-1.8295
9457,CA-2017-151855,5/27/2017,6/3/2017,Standard Class,BW-11110,Bart Watters,Corporate,United States,Greensboro,North Carolina,27405,South,TEC-AC-10002380,Technology,Accessories,Sony 8GB Class 10 Micro SDHC R40 Memory Card,27.192,3,0.2,0.3399
9458,CA-2017-151855,5/27/2017,6/3/2017,Standard Class,BW-11110,Bart Watters,Corporate,United States,Greensboro,North Carolina,27405,South,OFF-BI-10004209,Office Supplies,Binders,"Fellowes Twister Kit, Gray/Clear, 3/pkg",12.06,5,0.7,-10.05
9459,CA-2014-138240,10/9/2014,10/14/2014,Standard Class,SJ-20500,Shirley Jackson,Consumer,United States,San Francisco,California,94122,West,OFF-AR-10002135,Office Supplies,Art,Boston Heavy-Duty Trimline Electric Pencil Sharpeners,144.6,3,0,41.934
9460,CA-2014-138240,10/9/2014,10/14/2014,Standard Class,SJ-20500,Shirley Jackson,Consumer,United States,San Francisco,California,94122,West,TEC-PH-10002583,Technology,Phones,iOttie HLCRIO102 Car Mount,15.992,1,0.2,-2.9985
9461,CA-2014-101833,11/17/2014,11/22/2014,Second Class,FG-14260,Frank Gastineau,Home Office,United States,New York City,New York,10024,East,OFF-PA-10003591,Office Supplies,Paper,Southworth 100% Cotton The Best Paper,34.44,3,0,17.22
9462,CA-2014-100867,10/19/2014,10/24/2014,Standard Class,EH-14125,Eugene Hildebrand,Home Office,United States,Lakewood,California,90712,West,TEC-PH-10004922,Technology,Phones,RCA Visys Integrated PBX 8-Line Router,321.552,6,0.2,20.097
9463,US-2017-109610,11/25/2017,11/30/2017,Second Class,BS-11590,Brendan Sweed,Corporate,United States,Louisville,Kentucky,40214,South,FUR-CH-10001854,Furniture,Chairs,Office Star - Professional Matrix Back Chair with 2-to-1 Synchro Tilt and Mesh Fabric Seat,701.96,2,0,168.4704
9464,CA-2014-156545,2/27/2014,3/3/2014,First Class,JS-16030,Joy Smith,Consumer,United States,Columbus,Ohio,43229,East,OFF-AR-10003560,Office Supplies,Art,Zebra Zazzle Fluorescent Highlighters,19.456,4,0.2,3.4048
9465,CA-2014-109127,12/21/2014,12/25/2014,Standard Class,JC-15775,John Castell,Consumer,United States,Newark,Delaware,19711,East,OFF-LA-10004409,Office Supplies,Labels,Avery 492,17.28,6,0,7.9488
9466,CA-2016-126858,11/19/2016,11/23/2016,Standard Class,JM-15265,Janet Molinari,Corporate,United States,Seattle,Washington,98115,West,FUR-FU-10000448,Furniture,Furnishings,Tenex Chairmats For Use With Carpeted Floors,31.96,2,0,1.598
9467,CA-2017-102925,11/5/2017,11/10/2017,Second Class,CD-12280,Christina DeMoss,Consumer,United States,New York City,New York,10024,East,OFF-BI-10002735,Office Supplies,Binders,GBC Prestige Therm-A-Bind Covers,164.688,6,0.2,55.5822
9468,CA-2017-102925,11/5/2017,11/10/2017,Second Class,CD-12280,Christina DeMoss,Consumer,United States,New York City,New York,10024,East,FUR-TA-10003469,Furniture,Tables,Balt Split Level Computer Training Table,166.5,2,0.4,-66.6
9469,CA-2017-102925,11/5/2017,11/10/2017,Second Class,CD-12280,Christina DeMoss,Consumer,United States,New York City,New York,10024,East,OFF-PA-10001870,Office Supplies,Paper,Xerox 202,12.96,2,0,6.2208
9470,CA-2017-102925,11/5/2017,11/10/2017,Second Class,CD-12280,Christina DeMoss,Consumer,United States,New York City,New York,10024,East,OFF-PA-10004071,Office Supplies,Paper,"Eaton Premium Continuous-Feed Paper, 25% Cotton, Letter Size, White, 1000 Shts/Box",110.96,2,0,53.2608
9471,CA-2017-102925,11/5/2017,11/10/2017,Second Class,CD-12280,Christina DeMoss,Consumer,United States,New York City,New York,10024,East,TEC-PH-10001448,Technology,Phones,Anker Astro 15000mAh USB Portable Charger,99.98,2,0,3.9992
9472,CA-2017-102925,11/5/2017,11/10/2017,Second Class,CD-12280,Christina DeMoss,Consumer,United States,New York City,New York,10024,East,OFF-BI-10002706,Office Supplies,Binders,Avery Premier Heavy-Duty Binder with Round Locking Rings,11.424,1,0.2,3.7128
9473,CA-2017-102925,11/5/2017,11/10/2017,Second Class,CD-12280,Christina DeMoss,Consumer,United States,New York City,New York,10024,East,FUR-CH-10004875,Furniture,Chairs,Harbour Creations 67200 Series Stacking Chairs,128.124,2,0.1,24.2012
9474,CA-2017-102925,11/5/2017,11/10/2017,Second Class,CD-12280,Christina DeMoss,Consumer,United States,New York City,New York,10024,East,FUR-FU-10004245,Furniture,Furnishings,"Career Cubicle Clock, 8 1/4"", Black",101.4,5,0,38.532
9475,CA-2015-100818,5/31/2015,6/5/2015,Second Class,JM-15265,Janet Molinari,Corporate,United States,Chicago,Illinois,60653,Central,OFF-LA-10000443,Office Supplies,Labels,Avery 501,5.904,2,0.2,1.9926
9476,CA-2015-100818,5/31/2015,6/5/2015,Second Class,JM-15265,Janet Molinari,Corporate,United States,Chicago,Illinois,60653,Central,OFF-PA-10001125,Office Supplies,Paper,Xerox 1988,173.488,7,0.2,54.215
9477,CA-2015-100818,5/31/2015,6/5/2015,Second Class,JM-15265,Janet Molinari,Corporate,United States,Chicago,Illinois,60653,Central,FUR-FU-10002703,Furniture,Furnishings,"Tenex Traditional Chairmats for Hard Floors, Average Lip, 36"" x 48""",51.56,2,0.6,-61.872
9478,CA-2015-100818,5/31/2015,6/5/2015,Second Class,JM-15265,Janet Molinari,Corporate,United States,Chicago,Illinois,60653,Central,OFF-BI-10004364,Office Supplies,Binders,Storex Dura Pro Binders,3.564,3,0.8,-6.237
9479,CA-2014-126193,9/7/2014,9/14/2014,Standard Class,SS-20410,Shahid Shariari,Consumer,United States,Oswego,Illinois,60543,Central,OFF-FA-10000936,Office Supplies,Fasteners,Acco Hot Clips Clips to Go,13.16,5,0.2,4.1125
9480,CA-2014-126193,9/7/2014,9/14/2014,Standard Class,SS-20410,Shahid Shariari,Consumer,United States,Oswego,Illinois,60543,Central,OFF-BI-10001249,Office Supplies,Binders,Avery Heavy-Duty EZD View Binder with Locking Rings,3.828,3,0.8,-6.5076
9481,CA-2014-126193,9/7/2014,9/14/2014,Standard Class,SS-20410,Shahid Shariari,Consumer,United States,Oswego,Illinois,60543,Central,OFF-BI-10004632,Office Supplies,Binders,Ibico Hi-Tech Manual Binding System,304.99,5,0.8,-533.7325
9482,CA-2017-150504,11/6/2017,11/12/2017,Standard Class,HG-14845,Harry Greene,Consumer,United States,Dallas,Texas,75220,Central,OFF-ST-10000615,Office Supplies,Storage,"SimpliFile Personal File, Black Granite, 15w x 6-15/16d x 11-1/4h",18.16,2,0.2,1.816
9483,CA-2015-158351,6/20/2015,6/24/2015,Second Class,BC-11125,Becky Castell,Home Office,United States,Philadelphia,Pennsylvania,19134,East,TEC-AC-10001838,Technology,Accessories,Razer Tiamat Over Ear 7.1 Surround Sound PC Gaming Headset,319.984,2,0.2,91.9954
9484,CA-2014-122679,7/22/2014,7/28/2014,Standard Class,AB-10255,Alejandro Ballentine,Home Office,United States,Los Angeles,California,90008,West,OFF-AR-10004757,Office Supplies,Art,Crayola Colored Pencils,19.68,6,0,6.4944
9485,CA-2016-164770,12/2/2016,12/4/2016,Second Class,MY-18295,Muhammed Yedwab,Corporate,United States,Houston,Texas,77036,Central,FUR-BO-10003893,Furniture,Bookcases,Sauder Camden County Collection Library,781.864,10,0.32,-137.976
9486,CA-2016-164770,12/2/2016,12/4/2016,Second Class,MY-18295,Muhammed Yedwab,Corporate,United States,Houston,Texas,77036,Central,OFF-PA-10003893,Office Supplies,Paper,Xerox 1962,30.816,9,0.2,9.63
9487,CA-2017-130505,10/12/2017,10/12/2017,Same Day,NF-18385,Natalie Fritzler,Consumer,United States,Wheeling,West Virginia,26003,East,FUR-TA-10001932,Furniture,Tables,"Chromcraft 48"" x 96"" Racetrack Double Pedestal Table",673.344,3,0.3,-76.9536
9488,US-2017-125213,12/11/2017,12/13/2017,First Class,NB-18655,Nona Balk,Corporate,United States,Paterson,New Jersey,7501,East,OFF-FA-10001561,Office Supplies,Fasteners,Stockwell Push Pins,6.54,3,0,2.1582
9489,CA-2015-156566,10/1/2015,10/4/2015,First Class,EM-13960,Eric Murdock,Consumer,United States,Portland,Oregon,97206,West,TEC-PH-10001817,Technology,Phones,Wilson Electronics DB Pro Signal Booster,572.8,2,0.2,50.12
9490,US-2016-102232,8/5/2016,8/11/2016,Standard Class,MF-17665,Maureen Fritzler,Corporate,United States,Huntsville,Alabama,35810,South,OFF-AR-10000538,Office Supplies,Art,"Boston Model 1800 Electric Pencil Sharpener, Gray",197.05,7,0,59.115
9491,CA-2017-111738,1/3/2017,1/7/2017,Standard Class,CM-12385,Christopher Martinez,Consumer,United States,San Francisco,California,94110,West,OFF-BI-10004584,Office Supplies,Binders,GBC ProClick 150 Presentation Binding System,2022.272,8,0.2,682.5168
9492,CA-2017-111738,1/3/2017,1/7/2017,Standard Class,CM-12385,Christopher Martinez,Consumer,United States,San Francisco,California,94110,West,OFF-AR-10000817,Office Supplies,Art,Manco Dry-Lighter Erasable Highlighter,9.12,3,0,3.1008
9493,CA-2017-163188,11/7/2017,11/7/2017,Same Day,EC-14050,Erin Creighton,Consumer,United States,Oklahoma City,Oklahoma,73120,Central,OFF-BI-10000756,Office Supplies,Binders,Storex DuraTech Recycled Plastic Frosted Binders,38.16,9,0,19.08
9494,CA-2016-105207,1/3/2016,1/8/2016,Standard Class,BO-11350,Bill Overfelt,Corporate,United States,Broken Arrow,Oklahoma,74012,Central,FUR-TA-10000617,Furniture,Tables,"Hon Practical Foundations 30 x 60 Training Table, Light Gray/Charcoal",1592.85,7,0,350.427
9495,CA-2016-105207,1/3/2016,1/8/2016,Standard Class,BO-11350,Bill Overfelt,Corporate,United States,Broken Arrow,Oklahoma,74012,Central,OFF-BI-10004364,Office Supplies,Binders,Storex Dura Pro Binders,11.88,2,0,5.346
9496,US-2016-123610,5/12/2016,5/16/2016,Standard Class,VM-21835,Vivian Mathis,Consumer,United States,Mission Viejo,California,92691,West,TEC-AC-10004518,Technology,Accessories,Memorex Mini Travel Drive 32 GB USB 2.0 Flash Drive,120,6,0,46.8
9497,US-2016-123610,5/12/2016,5/16/2016,Standard Class,VM-21835,Vivian Mathis,Consumer,United States,Mission Viejo,California,92691,West,OFF-AP-10002222,Office Supplies,Appliances,Staple holder,8.67,1,0,2.3409
9498,CA-2017-118213,11/5/2017,11/7/2017,First Class,AB-10060,Adam Bellavance,Home Office,United States,Greenwood,Indiana,46142,Central,OFF-PA-10002615,Office Supplies,Paper,"Ampad Gold Fibre Wirebound Steno Books, 6"" x 9"", Gregg Ruled",4.41,1,0,2.0286
9499,CA-2017-118213,11/5/2017,11/7/2017,First Class,AB-10060,Adam Bellavance,Home Office,United States,Greenwood,Indiana,46142,Central,OFF-PA-10000565,Office Supplies,Paper,Easy-staple paper,167.94,3,0,82.2906
9500,CA-2017-118213,11/5/2017,11/7/2017,First Class,AB-10060,Adam Bellavance,Home Office,United States,Greenwood,Indiana,46142,Central,OFF-PA-10003673,Office Supplies,Paper,Strathmore Photo Mount Cards,67.8,10,0,31.188
9501,CA-2016-149237,5/26/2016,5/30/2016,Standard Class,CM-12235,Chris McAfee,Consumer,United States,Milwaukee,Wisconsin,53209,Central,FUR-FU-10002088,Furniture,Furnishings,Nu-Dell Float Frame 11 x 14 1/2,26.94,3,0,11.3148
9502,US-2015-158589,11/20/2015,11/24/2015,Standard Class,KW-16570,Kelly Williams,Consumer,United States,San Francisco,California,94109,West,FUR-FU-10001546,Furniture,Furnishings,Dana Swing-Arm Lamps,32.04,3,0,8.01
9503,CA-2016-101329,4/22/2016,4/29/2016,Standard Class,MM-17920,Michael Moore,Consumer,United States,Rome,New York,13440,East,OFF-AR-10000614,Office Supplies,Art,Barrel Sharpener,32.13,9,0,8.3538
9504,CA-2016-101329,4/22/2016,4/29/2016,Standard Class,MM-17920,Michael Moore,Consumer,United States,Rome,New York,13440,East,OFF-AR-10003190,Office Supplies,Art,Newell 32,2.88,1,0,0.8064
9505,CA-2016-113607,10/14/2016,10/18/2016,Standard Class,PW-19030,Pauline Webber,Corporate,United States,New York City,New York,10009,East,TEC-PH-10004094,Technology,Phones,Motorola L703CM,1091.93,7,0,272.9825
9506,CA-2016-113607,10/14/2016,10/18/2016,Standard Class,PW-19030,Pauline Webber,Corporate,United States,New York City,New York,10009,East,OFF-PA-10001970,Office Supplies,Paper,Xerox 1908,111.96,2,0,54.8604
9507,CA-2014-149104,4/5/2014,4/7/2014,Second Class,RD-19900,Ruben Dartt,Consumer,United States,Dearborn Heights,Michigan,48127,Central,OFF-AR-10002952,Office Supplies,Art,Stanley Contemporary Battery Pencil Sharpeners,26.7,2,0,7.476
9508,CA-2014-149104,4/5/2014,4/7/2014,Second Class,RD-19900,Ruben Dartt,Consumer,United States,Dearborn Heights,Michigan,48127,Central,OFF-BI-10004209,Office Supplies,Binders,"Fellowes Twister Kit, Gray/Clear, 3/pkg",40.2,5,0,18.09
9509,CA-2014-149104,4/5/2014,4/7/2014,Second Class,RD-19900,Ruben Dartt,Consumer,United States,Dearborn Heights,Michigan,48127,Central,OFF-AR-10004685,Office Supplies,Art,"Binney & Smith Crayola Metallic Colored Pencils, 8-Color Set",13.89,3,0,4.5837
9510,CA-2014-149104,4/5/2014,4/7/2014,Second Class,RD-19900,Ruben Dartt,Consumer,United States,Dearborn Heights,Michigan,48127,Central,OFF-ST-10000991,Office Supplies,Storage,Space Solutions HD Industrial Steel Shelving.,689.82,6,0,20.6946
9511,CA-2016-105263,8/6/2016,8/11/2016,Standard Class,LM-17065,Liz MacKendrick,Consumer,United States,New York City,New York,10024,East,OFF-AR-10002399,Office Supplies,Art,"Dixon Prang Watercolor Pencils, 10-Color Set with Brush",38.34,9,0,15.7194
9512,CA-2014-130575,12/14/2014,12/16/2014,First Class,CS-11845,Cari Sayre,Corporate,United States,Chicago,Illinois,60623,Central,OFF-BI-10002353,Office Supplies,Binders,GBC VeloBind Cover Sets,9.264,3,0.8,-13.896
9513,CA-2017-142461,5/30/2017,6/3/2017,Second Class,KT-16480,Kean Thornton,Consumer,United States,Dallas,Texas,75217,Central,FUR-BO-10001811,Furniture,Bookcases,"Atlantic Metals Mobile 5-Shelf Bookcases, Custom Colors",204.6664,1,0.32,-6.0196
9514,CA-2016-125220,10/14/2016,10/19/2016,Standard Class,BE-11410,Bobby Elias,Consumer,United States,Appleton,Wisconsin,54915,Central,TEC-AC-10003033,Technology,Accessories,Plantronics CS510 - Over-the-Head monaural Wireless Headset System,1649.75,5,0,544.4175
9515,CA-2014-100293,3/14/2014,3/18/2014,Standard Class,NF-18475,Neil Französisch,Home Office,United States,Jacksonville,Florida,32216,South,OFF-PA-10000176,Office Supplies,Paper,Xerox 1887,91.056,6,0.2,31.8696
9516,CA-2014-154165,2/17/2014,2/24/2014,Standard Class,DL-13315,Delfina Latchford,Consumer,United States,Chicago,Illinois,60653,Central,OFF-AR-10003631,Office Supplies,Art,Staples in misc. colors,54.208,14,0.2,8.8088
9517,CA-2015-123939,8/24/2015,8/26/2015,Second Class,MS-17710,Maurice Satty,Consumer,United States,Bowling Green,Ohio,43402,East,TEC-PH-10000923,Technology,Phones,"Belkin SportFit Armband For iPhone 5s/5c, Fuchsia",26.982,3,0.4,4.0473
9518,CA-2015-123939,8/24/2015,8/26/2015,Second Class,MS-17710,Maurice Satty,Consumer,United States,Bowling Green,Ohio,43402,East,OFF-LA-10003190,Office Supplies,Labels,Avery 474,6.912,3,0.2,2.5056
9519,CA-2015-123939,8/24/2015,8/26/2015,Second Class,MS-17710,Maurice Satty,Consumer,United States,Bowling Green,Ohio,43402,East,OFF-ST-10003208,Office Supplies,Storage,Adjustable Depth Letter/Legal Cart,435.504,3,0.2,48.9942
9520,US-2017-104451,5/8/2017,5/12/2017,Second Class,MM-18055,Michelle Moray,Consumer,United States,San Francisco,California,94110,West,OFF-AP-10000692,Office Supplies,Appliances,Fellowes Mighty 8 Compact Surge Protector,81.08,4,0,22.7024
9521,CA-2016-101189,2/4/2016,2/9/2016,Standard Class,JB-15400,Jennifer Braxton,Corporate,United States,Los Angeles,California,90049,West,OFF-ST-10004180,Office Supplies,Storage,Safco Commercial Shelving,93.02,2,0,3.7208
9522,CA-2014-169446,12/19/2014,12/25/2014,Standard Class,SG-20605,Speros Goranitis,Consumer,United States,Chicago,Illinois,60623,Central,TEC-PH-10002817,Technology,Phones,RCA ViSYS 25425RE1 Corded phone,323.976,3,0.2,36.4473
9523,CA-2014-169446,12/19/2014,12/25/2014,Standard Class,SG-20605,Speros Goranitis,Consumer,United States,Chicago,Illinois,60623,Central,OFF-PA-10000295,Office Supplies,Paper,Xerox 229,15.552,3,0.2,5.4432
9524,CA-2014-169446,12/19/2014,12/25/2014,Standard Class,SG-20605,Speros Goranitis,Consumer,United States,Chicago,Illinois,60623,Central,OFF-ST-10000419,Office Supplies,Storage,"Rogers Jumbo File, Granite",32.592,3,0.2,-7.7406
9525,CA-2017-156958,12/5/2017,12/6/2017,First Class,PB-18805,Patrick Bzostek,Home Office,United States,Seattle,Washington,98115,West,OFF-BI-10001524,Office Supplies,Binders,GBC Premium Transparent Covers with Diagonal Lined Pattern,83.92,5,0.2,29.372
9526,CA-2017-156958,12/5/2017,12/6/2017,First Class,PB-18805,Patrick Bzostek,Home Office,United States,Seattle,Washington,98115,West,FUR-FU-10003268,Furniture,Furnishings,Eldon Radial Chair Mat for Low to Medium Pile Carpets,199.9,5,0,39.98
9527,CA-2017-156958,12/5/2017,12/6/2017,First Class,PB-18805,Patrick Bzostek,Home Office,United States,Seattle,Washington,98115,West,TEC-PH-10000148,Technology,Phones,Cyber Acoustics AC-202b Speech Recognition Stereo Headset,31.176,3,0.2,-7.0146
9528,CA-2017-156958,12/5/2017,12/6/2017,First Class,PB-18805,Patrick Bzostek,Home Office,United States,Seattle,Washington,98115,West,OFF-BI-10001543,Office Supplies,Binders,GBC VeloBinder Manual Binding System,172.752,6,0.2,60.4632
9529,CA-2017-156958,12/5/2017,12/6/2017,First Class,PB-18805,Patrick Bzostek,Home Office,United States,Seattle,Washington,98115,West,OFF-BI-10002071,Office Supplies,Binders,Fellowes Black Plastic Comb Bindings,9.296,2,0.2,3.0212
9530,CA-2017-101637,3/24/2017,3/25/2017,Same Day,AC-10615,Ann Chong,Corporate,United States,Beaumont,Texas,77705,Central,OFF-ST-10002352,Office Supplies,Storage,Iris Project Case,12.768,2,0.2,0.9576
9531,CA-2017-111759,7/8/2017,7/12/2017,Standard Class,MR-17545,Mathew Reese,Home Office,United States,Seattle,Washington,98103,West,OFF-PA-10003127,Office Supplies,Paper,Easy-staple paper,52.76,2,0,24.2696
9532,CA-2017-102729,10/26/2017,10/31/2017,Standard Class,BF-11215,Benjamin Farhat,Home Office,United States,Dallas,Texas,75217,Central,OFF-ST-10000464,Office Supplies,Storage,"Multi-Use Personal File Cart and Caster Set, Three Stacking Bins",55.616,2,0.2,5.5616
9533,CA-2016-116596,10/27/2016,10/31/2016,Standard Class,BW-11200,Ben Wallace,Consumer,United States,New York City,New York,10011,East,FUR-CH-10000553,Furniture,Chairs,"Metal Folding Chairs, Beige, 4/Carton",427.644,14,0.1,80.7772
9534,CA-2016-116596,10/27/2016,10/31/2016,Standard Class,BW-11200,Ben Wallace,Consumer,United States,New York City,New York,10011,East,OFF-FA-10000134,Office Supplies,Fasteners,"Advantus Push Pins, Aluminum Head",40.67,7,0,12.6077
9535,CA-2016-116596,10/27/2016,10/31/2016,Standard Class,BW-11200,Ben Wallace,Consumer,United States,New York City,New York,10011,East,OFF-ST-10000636,Office Supplies,Storage,Rogers Profile Extra Capacity Storage Tub,33.48,2,0,1.3392
9536,CA-2016-116596,10/27/2016,10/31/2016,Standard Class,BW-11200,Ben Wallace,Consumer,United States,New York City,New York,10011,East,OFF-BI-10002949,Office Supplies,Binders,Prestige Round Ring Binders,9.728,2,0.2,3.2832
9537,CA-2017-124191,6/12/2017,6/14/2017,Second Class,TS-21610,Troy Staebel,Consumer,United States,Chicago,Illinois,60610,Central,FUR-FU-10002364,Furniture,Furnishings,"Eldon Expressions Wood Desk Accessories, Oak",8.856,3,0.6,-6.8634
9538,CA-2016-148747,9/25/2016,9/27/2016,First Class,AS-10045,Aaron Smayling,Corporate,United States,San Francisco,California,94110,West,FUR-BO-10002613,Furniture,Bookcases,"Atlantic Metals Mobile 4-Shelf Bookcases, Custom Colors",477.666,2,0.15,84.294
9539,US-2017-169488,9/7/2017,9/9/2017,First Class,AA-10375,Allen Armold,Consumer,United States,Providence,Rhode Island,2908,East,OFF-PA-10002659,Office Supplies,Paper,Avoid Verbal Orders Carbonless Minifold Book,16.9,5,0,7.774
9540,US-2017-169488,9/7/2017,9/9/2017,First Class,AA-10375,Allen Armold,Consumer,United States,Providence,Rhode Island,2908,East,OFF-PA-10000157,Office Supplies,Paper,Xerox 191,39.96,2,0,18.7812
9541,CA-2015-135727,5/11/2015,5/16/2015,Second Class,PS-18970,Paul Stevenson,Home Office,United States,Phoenix,Arizona,85023,West,FUR-CH-10004540,Furniture,Chairs,Global Chrome Stack Chair,191.968,7,0.2,16.7972
9542,CA-2015-135251,8/6/2015,8/10/2015,Standard Class,RP-19270,Rachel Payne,Corporate,United States,Houston,Texas,77095,Central,OFF-LA-10004544,Office Supplies,Labels,Avery 505,35.52,3,0.2,13.32
9543,CA-2015-135251,8/6/2015,8/10/2015,Standard Class,RP-19270,Rachel Payne,Corporate,United States,Houston,Texas,77095,Central,OFF-BI-10001097,Office Supplies,Binders,Avery Hole Reinforcements,6.23,5,0.8,-9.6565
9544,CA-2015-135251,8/6/2015,8/10/2015,Standard Class,RP-19270,Rachel Payne,Corporate,United States,Houston,Texas,77095,Central,OFF-PA-10003302,Office Supplies,Paper,Xerox 1906,56.704,2,0.2,19.1376
9545,CA-2015-135251,8/6/2015,8/10/2015,Standard Class,RP-19270,Rachel Payne,Corporate,United States,Houston,Texas,77095,Central,FUR-BO-10003965,Furniture,Bookcases,O'Sullivan Manor Hill 2-Door Library in Brianna Oak,369.1992,3,0.32,-114.0174
9546,CA-2014-166590,10/29/2014,11/2/2014,Standard Class,NC-18625,Noah Childs,Corporate,United States,Columbus,Indiana,47201,Central,TEC-AC-10003433,Technology,Accessories,Maxell 4.7GB DVD+R 5/Pack,1.98,2,0,0.891
9547,CA-2014-166590,10/29/2014,11/2/2014,Standard Class,NC-18625,Noah Childs,Corporate,United States,Columbus,Indiana,47201,Central,OFF-PA-10000482,Office Supplies,Paper,"Snap-A-Way Black Print Carbonless Ruled Speed Letter, Triplicate",75.88,2,0,35.6636
9548,CA-2016-131744,6/18/2016,6/20/2016,Second Class,SC-20770,Stewart Carmichael,Corporate,United States,Philadelphia,Pennsylvania,19134,East,OFF-PA-10004610,Office Supplies,Paper,Xerox 1900,6.848,2,0.2,2.14
9549,CA-2016-131744,6/18/2016,6/20/2016,Second Class,SC-20770,Stewart Carmichael,Corporate,United States,Philadelphia,Pennsylvania,19134,East,OFF-BI-10003910,Office Supplies,Binders,DXL Angle-View Binders with Locking Rings by Samsill,4.626,2,0.7,-3.855
9550,CA-2016-131744,6/18/2016,6/20/2016,Second Class,SC-20770,Stewart Carmichael,Corporate,United States,Philadelphia,Pennsylvania,19134,East,OFF-AP-10001394,Office Supplies,Appliances,Harmony Air Purifier,453.6,3,0.2,90.72
9551,CA-2015-160864,5/3/2015,5/6/2015,First Class,NF-18595,Nicole Fjeld,Home Office,United States,San Jose,California,95123,West,OFF-BI-10004654,Office Supplies,Binders,Avery Binding System Hidden Tab Executive Style Index Sets,13.848,3,0.2,5.193
9552,CA-2015-147690,11/10/2015,11/14/2015,Standard Class,SC-20020,Sam Craven,Consumer,United States,Philadelphia,Pennsylvania,19140,East,OFF-ST-10001526,Office Supplies,Storage,Iceberg Mobile Mega Data/Printer Cart ,577.584,6,0.2,43.3188
9553,CA-2015-163923,5/30/2015,6/3/2015,Standard Class,BD-11560,Brendan Dodson,Home Office,United States,Springfield,Virginia,22153,South,TEC-AC-10000358,Technology,Accessories,Imation Secure Drive + Hardware Encrypted USB flash drive - 16 GB,151.96,4,0,36.4704
9554,CA-2016-125724,9/22/2016,9/27/2016,Standard Class,SM-20950,Suzanne McNair,Corporate,United States,Broomfield,Colorado,80020,West,FUR-FU-10000246,Furniture,Furnishings,Aluminum Document Frame,68.432,7,0.2,8.554
9555,CA-2015-111612,11/28/2015,12/2/2015,Standard Class,EB-14110,Eugene Barchas,Consumer,United States,Columbus,Ohio,43229,East,FUR-FU-10003799,Furniture,Furnishings,"Seth Thomas 13 1/2"" Wall Clock",71.12,5,0.2,9.779
9556,CA-2015-111612,11/28/2015,12/2/2015,Standard Class,EB-14110,Eugene Barchas,Consumer,United States,Columbus,Ohio,43229,East,OFF-FA-10003021,Office Supplies,Fasteners,Staples,3.008,2,0.2,0.564
9557,CA-2015-156853,12/3/2015,12/5/2015,Second Class,HP-14815,Harold Pawlan,Home Office,United States,Concord,New Hampshire,3301,East,OFF-PA-10003656,Office Supplies,Paper,Xerox 1935,184.66,7,0,84.9436
9558,CA-2014-103086,10/17/2014,10/19/2014,Second Class,EB-14170,Evan Bailliet,Consumer,United States,Houston,Texas,77095,Central,FUR-FU-10004586,Furniture,Furnishings,G.E. Longer-Life Indoor Recessed Floodlight Bulbs,5.312,2,0.6,-1.5936
9559,CA-2016-129280,5/3/2016,5/5/2016,First Class,SM-20905,Susan MacKendrick,Consumer,United States,Newark,Ohio,43055,East,TEC-AC-10003832,Technology,Accessories,Imation 16GB Mini TravelDrive USB 2.0 Flash Drive,132.52,5,0.2,34.7865
9560,CA-2016-129280,5/3/2016,5/5/2016,First Class,SM-20905,Susan MacKendrick,Consumer,United States,Newark,Ohio,43055,East,OFF-ST-10002554,Office Supplies,Storage,Tennsco Industrial Shelving,195.64,5,0.2,-44.019
9561,CA-2016-129280,5/3/2016,5/5/2016,First Class,SM-20905,Susan MacKendrick,Consumer,United States,Newark,Ohio,43055,East,FUR-FU-10001876,Furniture,Furnishings,"Computer Room Manger, 14""",51.968,2,0.2,10.3936
9562,CA-2016-129280,5/3/2016,5/5/2016,First Class,SM-20905,Susan MacKendrick,Consumer,United States,Newark,Ohio,43055,East,TEC-AC-10002637,Technology,Accessories,Logitech VX Revolution Cordless Laser Mouse for Notebooks (Black),431.976,3,0.2,-75.5958
9563,CA-2016-129280,5/3/2016,5/5/2016,First Class,SM-20905,Susan MacKendrick,Consumer,United States,Newark,Ohio,43055,East,TEC-MA-10003589,Technology,Machines,Cisco 8961 IP Phone Charcoal,224.937,3,0.7,-164.9538
9564,CA-2016-129280,5/3/2016,5/5/2016,First Class,SM-20905,Susan MacKendrick,Consumer,United States,Newark,Ohio,43055,East,OFF-LA-10000081,Office Supplies,Labels,Avery 496,6,2,0.2,2.1
9565,CA-2015-161242,6/1/2015,6/8/2015,Standard Class,CG-12040,Catherine Glotzbach,Home Office,United States,Los Angeles,California,90045,West,OFF-PA-10001838,Office Supplies,Paper,"Adams Telephone Message Book W/Dividers/Space For Phone Numbers, 5 1/4""X8 1/2"", 300/Messages",11.76,2,0,5.7624
9566,CA-2014-130428,3/31/2014,3/31/2014,Same Day,TG-21640,Trudy Glocke,Consumer,United States,Tampa,Florida,33614,South,FUR-CH-10002965,Furniture,Chairs,"Global Leather Highback Executive Chair with Pneumatic Height Adjustment, Black",1125.488,7,0.2,98.4802
9567,CA-2014-130428,3/31/2014,3/31/2014,Same Day,TG-21640,Trudy Glocke,Consumer,United States,Tampa,Florida,33614,South,OFF-BI-10001636,Office Supplies,Binders,Ibico Plastic and Wire Spiral Binding Combs,12.645,5,0.7,-10.116
9568,CA-2014-130428,3/31/2014,3/31/2014,Same Day,TG-21640,Trudy Glocke,Consumer,United States,Tampa,Florida,33614,South,OFF-AR-10004027,Office Supplies,Art,"Binney & Smith inkTank Erasable Desk Highlighter, Chisel Tip, Yellow, 12/Box",4.032,2,0.2,1.0584
9569,CA-2017-104388,7/5/2017,7/7/2017,First Class,DK-12835,Damala Kotsonis,Corporate,United States,Fremont,Nebraska,68025,Central,TEC-PH-10002293,Technology,Phones,Anker 36W 4-Port USB Wall Charger Travel Power Adapter for iPhone 5s 5c 5,79.96,4,0,22.3888
9570,CA-2015-113131,9/24/2015,9/24/2015,Same Day,MB-17305,Maria Bertelson,Consumer,United States,Columbus,Ohio,43229,East,OFF-BI-10003196,Office Supplies,Binders,Accohide Poly Flexible Ring Binders,6.732,6,0.7,-4.488
9571,CA-2015-113131,9/24/2015,9/24/2015,Same Day,MB-17305,Maria Bertelson,Consumer,United States,Columbus,Ohio,43229,East,OFF-ST-10001172,Office Supplies,Storage,"Tennsco Lockers, Sand",33.568,2,0.2,1.6784
9572,CA-2015-113131,9/24/2015,9/24/2015,Same Day,MB-17305,Maria Bertelson,Consumer,United States,Columbus,Ohio,43229,East,OFF-EN-10003068,Office Supplies,Envelopes,#6 3/4 Gummed Flap White Envelopes,15.84,2,0.2,5.544
9573,CA-2015-113131,9/24/2015,9/24/2015,Same Day,MB-17305,Maria Bertelson,Consumer,United States,Columbus,Ohio,43229,East,OFF-LA-10003510,Office Supplies,Labels,"Avery 4027 File Folder Labels for Dot Matrix Printers, 5000 Labels per Box, White",24.424,1,0.2,7.9378
9574,CA-2015-113131,9/24/2015,9/24/2015,Same Day,MB-17305,Maria Bertelson,Consumer,United States,Columbus,Ohio,43229,East,OFF-AR-10003504,Office Supplies,Art,Newell 347,17.12,5,0.2,1.926
9575,CA-2015-148495,8/13/2015,8/13/2015,Same Day,SF-20065,Sandra Flanagan,Consumer,United States,Pomona,California,91767,West,FUR-FU-10001889,Furniture,Furnishings,Ultra Door Pull Handle,31.56,3,0,10.4148
9576,CA-2015-143147,5/26/2015,5/28/2015,Second Class,PS-18760,Pamela Stobb,Consumer,United States,San Antonio,Texas,78207,Central,FUR-CH-10000863,Furniture,Chairs,Novimex Swivel Fabric Task Chair,105.686,1,0.3,-28.6862
9577,CA-2015-143147,5/26/2015,5/28/2015,Second Class,PS-18760,Pamela Stobb,Consumer,United States,San Antonio,Texas,78207,Central,TEC-MA-10004679,Technology,Machines,StarTech.com 10/100 VDSL2 Ethernet Extender Kit,399.54,2,0.4,-79.908
9578,CA-2015-143147,5/26/2015,5/28/2015,Second Class,PS-18760,Pamela Stobb,Consumer,United States,San Antonio,Texas,78207,Central,FUR-CH-10004754,Furniture,Chairs,"Global Stack Chair with Arms, Black",104.93,5,0.3,-4.497
9579,CA-2017-152975,9/14/2017,9/16/2017,First Class,RB-19705,Roger Barcio,Home Office,United States,New York City,New York,10035,East,TEC-PH-10004586,Technology,Phones,Wilson SignalBoost 841262 DB PRO Amplifier Kit,1079.85,3,0,323.955
9580,CA-2017-152975,9/14/2017,9/16/2017,First Class,RB-19705,Roger Barcio,Home Office,United States,New York City,New York,10035,East,OFF-ST-10001370,Office Supplies,Storage,Sensible Storage WireTech Storage Systems,70.98,1,0,3.549
9581,CA-2017-152975,9/14/2017,9/16/2017,First Class,RB-19705,Roger Barcio,Home Office,United States,New York City,New York,10035,East,OFF-AR-10001988,Office Supplies,Art,Bulldog Table or Wall-Mount Pencil Sharpener,29.95,5,0,8.6855
9582,CA-2017-152975,9/14/2017,9/16/2017,First Class,RB-19705,Roger Barcio,Home Office,United States,New York City,New York,10035,East,FUR-CH-10003298,Furniture,Chairs,"Office Star - Contemporary Task Swivel chair with Loop Arms, Charcoal",589.41,5,0.1,-6.549
9583,CA-2016-107475,6/7/2016,6/11/2016,Standard Class,RS-19870,Roy Skaria,Home Office,United States,Philadelphia,Pennsylvania,19120,East,OFF-FA-10002988,Office Supplies,Fasteners,Ideal Clamps,9.648,6,0.2,3.4974
9584,CA-2017-116127,6/25/2017,6/27/2017,Second Class,SB-20185,Sarah Brown,Consumer,United States,New York City,New York,10024,East,FUR-BO-10002213,Furniture,Bookcases,DMI Eclipse Executive Suite Bookcases,400.784,1,0.2,-5.0098
9585,CA-2017-132584,8/26/2017,8/27/2017,First Class,HJ-14875,Heather Jas,Home Office,United States,Detroit,Michigan,48234,Central,OFF-ST-10000344,Office Supplies,Storage,"Neat Ideas Personal Hanging Folder Files, Black",53.72,4,0,13.9672
9586,CA-2016-160598,8/26/2016,8/28/2016,First Class,SV-20815,Stuart Van,Corporate,United States,Miami,Florida,33142,South,OFF-PA-10002319,Office Supplies,Paper,Xerox 1944,31.008,1,0.2,11.2404
9587,CA-2016-108630,11/18/2016,11/18/2016,Same Day,BE-11410,Bobby Elias,Consumer,United States,Concord,California,94521,West,OFF-BI-10002437,Office Supplies,Binders,Recycled Premium Regency Composition Covers,61.12,5,0.2,22.156
9588,US-2017-129203,4/17/2017,4/22/2017,Standard Class,BM-11575,Brendan Murry,Corporate,United States,Chicago,Illinois,60653,Central,OFF-ST-10001418,Office Supplies,Storage,Carina Media Storage Towers in Natural & Black,195.136,4,0.2,-43.9056
9589,CA-2017-110940,7/23/2017,7/28/2017,Standard Class,AZ-10750,Annie Zypern,Consumer,United States,Wheeling,Illinois,60090,Central,OFF-AR-10000380,Office Supplies,Art,"Hunt PowerHouse Electric Pencil Sharpener, Blue",121.536,4,0.2,15.192
9590,CA-2014-119172,5/11/2014,5/15/2014,Standard Class,HD-14785,Harold Dahlen,Home Office,United States,Chicago,Illinois,60610,Central,OFF-PA-10003036,Office Supplies,Paper,"Black Print Carbonless 8 1/2"" x 8 1/4"" Rapid Memo Book",17.472,3,0.2,5.6784
9591,CA-2014-119172,5/11/2014,5/15/2014,Standard Class,HD-14785,Harold Dahlen,Home Office,United States,Chicago,Illinois,60610,Central,OFF-BI-10002026,Office Supplies,Binders,Avery Arch Ring Binders,104.58,9,0.8,-172.557
9592,US-2016-105452,7/28/2016,8/1/2016,Standard Class,BF-11005,Barry Franz,Home Office,United States,Pasadena,Texas,77506,Central,FUR-FU-10003691,Furniture,Furnishings,"Eldon Image Series Desk Accessories, Ebony",24.7,5,0.6,-9.88
9593,US-2016-105452,7/28/2016,8/1/2016,Standard Class,BF-11005,Barry Franz,Home Office,United States,Pasadena,Texas,77506,Central,FUR-FU-10003806,Furniture,Furnishings,"Tenex Chairmat w/ Average Lip, 45"" x 53""",302.72,5,0.6,-378.4
9594,CA-2017-108931,9/14/2017,9/19/2017,Standard Class,HZ-14950,Henia Zydlo,Consumer,United States,New York City,New York,10024,East,OFF-PA-10002741,Office Supplies,Paper,Xerox 1980,8.56,2,0,3.852
9595,CA-2017-108931,9/14/2017,9/19/2017,Standard Class,HZ-14950,Henia Zydlo,Consumer,United States,New York City,New York,10024,East,OFF-PA-10003845,Office Supplies,Paper,Xerox 1987,11.56,2,0,5.6644
9596,CA-2017-104619,1/24/2017,1/29/2017,Standard Class,KD-16495,Keith Dawkins,Corporate,United States,San Jose,California,95123,West,OFF-AP-10001492,Office Supplies,Appliances,"Acco Six-Outlet Power Strip, 4' Cord Length",25.86,3,0,6.7236
9597,CA-2017-104619,1/24/2017,1/29/2017,Standard Class,KD-16495,Keith Dawkins,Corporate,United States,San Jose,California,95123,West,OFF-BI-10004318,Office Supplies,Binders,Ibico EB-19 Dual Function Manual Binding System,276.784,2,0.2,89.9548
9598,CA-2017-104619,1/24/2017,1/29/2017,Standard Class,KD-16495,Keith Dawkins,Corporate,United States,San Jose,California,95123,West,TEC-PH-10000193,Technology,Phones,Jensen SMPS-640 - speaker phone,110.352,3,0.2,8.2764
9599,CA-2015-149517,9/19/2015,9/23/2015,Standard Class,FC-14245,Frank Carlisle,Home Office,United States,Sacramento,California,95823,West,FUR-FU-10003464,Furniture,Furnishings,"Seth Thomas 8 1/2"" Cubicle Clock",60.84,3,0,19.4688
9600,CA-2015-116841,4/14/2015,4/18/2015,Standard Class,TP-21130,Theone Pippenger,Consumer,United States,Springfield,Oregon,97477,West,OFF-AP-10002403,Office Supplies,Appliances,Acco Smartsocket Color-Coded Six-Outlet AC Adapter Model Surge Protectors,35.208,1,0.2,2.6406
9601,CA-2017-107797,5/8/2017,5/11/2017,Second Class,EB-13705,Ed Braxton,Corporate,United States,Mansfield,Texas,76063,Central,OFF-PA-10003848,Office Supplies,Paper,Xerox 1997,41.472,8,0.2,14.5152
9602,CA-2016-117604,9/4/2016,9/9/2016,Standard Class,JP-15520,Jeremy Pistek,Consumer,United States,Jonesboro,Arkansas,72401,South,OFF-PA-10001357,Office Supplies,Paper,Xerox 1886,239.5,5,0,114.96
9603,CA-2014-130155,5/19/2014,5/22/2014,First Class,TD-20995,Tamara Dahlen,Consumer,United States,Virginia Beach,Virginia,23464,South,OFF-SU-10004737,Office Supplies,Supplies,Acme Design Stainless Steel Bent Scissors,34.2,5,0,9.234
9604,CA-2016-129861,6/17/2016,6/23/2016,Standard Class,DM-13345,Denise Monton,Corporate,United States,Rochester,New York,14609,East,FUR-TA-10003715,Furniture,Tables,Hon 2111 Invitation Series Corner Table,376.866,3,0.4,-213.5574
9605,CA-2015-138625,11/2/2015,11/5/2015,First Class,EG-13900,Emily Grady,Consumer,United States,Chesapeake,Virginia,23320,South,OFF-AP-10003099,Office Supplies,Appliances,"Eureka Hand Vacuum, Bagless",197.72,4,0,55.3616
9606,US-2017-122672,11/4/2017,11/9/2017,Standard Class,HG-14965,Henry Goldwyn,Corporate,United States,Lancaster,Ohio,43130,East,TEC-AC-10002323,Technology,Accessories,SanDisk Ultra 32 GB MicroSDHC Class 10 Memory Card,70.72,4,0.2,-6.188
9607,US-2017-122672,11/4/2017,11/9/2017,Standard Class,HG-14965,Henry Goldwyn,Corporate,United States,Lancaster,Ohio,43130,East,OFF-ST-10002344,Office Supplies,Storage,"Carina 42""Hx23 3/4""W Media Storage Unit",194.352,3,0.2,-43.7292
9608,CA-2017-117128,12/5/2017,12/8/2017,Second Class,BF-11080,Bart Folk,Consumer,United States,New York City,New York,10024,East,OFF-PA-10000007,Office Supplies,Paper,"Telephone Message Books with Fax/Mobile Section, 4 1/4"" x 6""",21.6,6,0,9.936
9609,CA-2017-117128,12/5/2017,12/8/2017,Second Class,BF-11080,Bart Folk,Consumer,United States,New York City,New York,10024,East,OFF-LA-10000248,Office Supplies,Labels,Avery 52,11.07,3,0,5.2029
9610,CA-2016-130638,5/16/2016,5/19/2016,Second Class,SC-20095,Sanjit Chand,Consumer,United States,Los Angeles,California,90045,West,FUR-FU-10002116,Furniture,Furnishings,"Tenex Carpeted, Granite-Look or Clear Contemporary Contour Shape Chair Mats",282.84,4,0,19.7988
9611,CA-2016-130638,5/16/2016,5/19/2016,Second Class,SC-20095,Sanjit Chand,Consumer,United States,Los Angeles,California,90045,West,OFF-LA-10002195,Office Supplies,Labels,Avery 481,27.72,9,0,13.3056
9612,CA-2017-144365,10/24/2017,10/30/2017,Standard Class,CS-11950,Carlos Soltero,Consumer,United States,Jackson,Mississippi,39212,South,OFF-FA-10000735,Office Supplies,Fasteners,Staples,11.68,4,0,5.256
9613,CA-2016-110086,9/18/2016,9/22/2016,Standard Class,BD-11320,Bill Donatelli,Consumer,United States,Woodland,California,95695,West,TEC-PH-10001299,Technology,Phones,Polycom CX300 Desktop Phone USB VoIP phone,239.984,2,0.2,23.9984
9614,CA-2014-128524,11/11/2014,11/13/2014,First Class,MZ-17515,Mary Zewe,Corporate,United States,Seattle,Washington,98115,West,OFF-AP-10002892,Office Supplies,Appliances,Belkin F5C206VTEL 6 Outlet Surge,22.98,1,0,6.894
9615,CA-2014-128524,11/11/2014,11/13/2014,First Class,MZ-17515,Mary Zewe,Corporate,United States,Seattle,Washington,98115,West,TEC-AC-10002718,Technology,Accessories,Belkin Standard 104 key USB Keyboard,102.13,7,0,15.3195
9616,CA-2014-128524,11/11/2014,11/13/2014,First Class,MZ-17515,Mary Zewe,Corporate,United States,Seattle,Washington,98115,West,OFF-BI-10003527,Office Supplies,Binders,Fellowes PB500 Electric Punch Plastic Comb Binding Machine with Manual Bind,2033.584,2,0.2,762.594
9617,CA-2016-140256,8/22/2016,8/29/2016,Standard Class,PW-19030,Pauline Webber,Corporate,United States,Los Angeles,California,90049,West,OFF-AR-10002255,Office Supplies,Art,Newell 346,5.76,2,0,1.6704
9618,CA-2017-160633,11/16/2017,11/21/2017,Standard Class,BS-11380,Bill Stewart,Corporate,United States,Bowling Green,Ohio,43402,East,TEC-CO-10002095,Technology,Copiers,Hewlett Packard 610 Color Digital Copier / Printer,899.982,3,0.4,74.9985
9619,CA-2017-160633,11/16/2017,11/21/2017,Standard Class,BS-11380,Bill Stewart,Corporate,United States,Bowling Green,Ohio,43402,East,OFF-AR-10004022,Office Supplies,Art,Panasonic KP-380BK Classic Electric Pencil Sharpener,86.352,3,0.2,5.397
9620,CA-2017-160633,11/16/2017,11/21/2017,Standard Class,BS-11380,Bill Stewart,Corporate,United States,Bowling Green,Ohio,43402,East,TEC-AC-10002335,Technology,Accessories,Logitech Media Keyboard K200,139.96,5,0.2,-1.7495
9621,CA-2014-115133,9/26/2014,9/30/2014,Standard Class,DA-13450,Dianna Arnett,Home Office,United States,Lancaster,Ohio,43130,East,OFF-AP-10001634,Office Supplies,Appliances,Hoover Commercial Lightweight Upright Vacuum,16.704,6,0.2,1.2528
9622,CA-2014-115133,9/26/2014,9/30/2014,Standard Class,DA-13450,Dianna Arnett,Home Office,United States,Lancaster,Ohio,43130,East,TEC-AC-10002370,Technology,Accessories,Maxell CD-R Discs,3.152,2,0.2,0.4728
9623,CA-2014-115133,9/26/2014,9/30/2014,Standard Class,DA-13450,Dianna Arnett,Home Office,United States,Lancaster,Ohio,43130,East,OFF-PA-10000174,Office Supplies,Paper,"Message Book, Wirebound, Four 5 1/2"" X 4"" Forms/Pg., 200 Dupl. Sets/Book",32.896,4,0.2,11.1024
9624,CA-2017-137449,6/29/2017,6/30/2017,First Class,ME-17725,Max Engle,Consumer,United States,Dallas,Texas,75220,Central,OFF-AP-10000240,Office Supplies,Appliances,Belkin F9G930V10-GRY 9 Outlet Surge,21.392,2,0.8,-54.5496
9625,CA-2017-137449,6/29/2017,6/30/2017,First Class,ME-17725,Max Engle,Consumer,United States,Dallas,Texas,75220,Central,FUR-TA-10002855,Furniture,Tables,Bevis Round Conference Table Top & Single Column Base,307.314,3,0.3,-39.5118
9626,CA-2017-137449,6/29/2017,6/30/2017,First Class,ME-17725,Max Engle,Consumer,United States,Dallas,Texas,75220,Central,FUR-BO-10000780,Furniture,Bookcases,O'Sullivan Plantations 2-Door Library in Landvery Oak,409.9992,3,0.32,-96.4704
9627,CA-2017-103520,9/23/2017,9/25/2017,First Class,MH-17785,Maya Herman,Corporate,United States,Lubbock,Texas,79424,Central,OFF-PA-10001846,Office Supplies,Paper,Xerox 1899,9.248,2,0.2,3.3524
9628,CA-2014-139283,11/23/2014,11/27/2014,Standard Class,BT-11440,Bobby Trafton,Consumer,United States,Detroit,Michigan,48227,Central,OFF-BI-10002049,Office Supplies,Binders,UniKeep View Case Binders,14.67,3,0,6.7482
9629,CA-2014-118192,1/13/2014,1/18/2014,Standard Class,MM-17920,Michael Moore,Consumer,United States,Newark,Ohio,43055,East,OFF-PA-10002947,Office Supplies,Paper,Xerox 1923,37.408,7,0.2,13.0928
9630,CA-2014-118192,1/13/2014,1/18/2014,Standard Class,MM-17920,Michael Moore,Consumer,United States,Newark,Ohio,43055,East,OFF-BI-10003476,Office Supplies,Binders,Avery Metallic Poly Binders,3.438,2,0.7,-2.5212
9631,CA-2016-168844,5/31/2016,6/6/2016,Standard Class,NM-18520,Neoma Murray,Consumer,United States,New York City,New York,10011,East,OFF-BI-10002609,Office Supplies,Binders,Avery Hidden Tab Dividers for Binding Systems,7.152,3,0.2,2.3244
9632,CA-2016-168844,5/31/2016,6/6/2016,Standard Class,NM-18520,Neoma Murray,Consumer,United States,New York City,New York,10011,East,TEC-PH-10003215,Technology,Phones,Jackery Bar Premium Fast-charging Portable Charger,179.7,6,0,88.053
9633,CA-2017-154809,2/13/2017,2/17/2017,Standard Class,MH-17455,Mark Hamilton,Consumer,United States,Minneapolis,Minnesota,55407,Central,OFF-AP-10004785,Office Supplies,Appliances,"Holmes Replacement Filter for HEPA Air Cleaner, Medium Room",90.64,8,0,38.9752
9634,CA-2014-151330,10/14/2014,10/17/2014,First Class,TC-21295,Toby Carlisle,Consumer,United States,Everett,Massachusetts,2149,East,TEC-AC-10000865,Technology,Accessories,WD My Passport Ultra 500GB Portable External Hard Drive,177,3,0,30.09
9635,CA-2014-151330,10/14/2014,10/17/2014,First Class,TC-21295,Toby Carlisle,Consumer,United States,Everett,Massachusetts,2149,East,OFF-ST-10000615,Office Supplies,Storage,"SimpliFile Personal File, Black Granite, 15w x 6-15/16d x 11-1/4h",79.45,7,0,22.246
9636,CA-2014-151330,10/14/2014,10/17/2014,First Class,TC-21295,Toby Carlisle,Consumer,United States,Everett,Massachusetts,2149,East,FUR-CH-10000749,Furniture,Chairs,Office Star - Ergonomic Mid Back Chair with 2-Way Adjustable Arms,1628.82,9,0,260.6112
9637,CA-2014-124702,11/18/2014,11/25/2014,Standard Class,MH-17785,Maya Herman,Corporate,United States,Seattle,Washington,98105,West,FUR-FU-10003553,Furniture,Furnishings,"Howard Miller 13-1/2"" Diameter Rosebrook Wall Clock",137.54,2,0,55.016
9638,CA-2014-124702,11/18/2014,11/25/2014,Standard Class,MH-17785,Maya Herman,Corporate,United States,Seattle,Washington,98105,West,FUR-TA-10003008,Furniture,Tables,"Lesro Round Back Collection Coffee Table, End Table",730.2,4,0,94.926
9639,US-2017-125808,11/12/2017,11/15/2017,Second Class,EP-13915,Emily Phan,Consumer,United States,Los Angeles,California,90032,West,OFF-PA-10001846,Office Supplies,Paper,Xerox 1899,11.56,2,0,5.6644
9640,CA-2015-116638,1/28/2015,1/31/2015,Second Class,JH-15985,Joseph Holt,Consumer,United States,Concord,North Carolina,28027,South,FUR-TA-10000198,Furniture,Tables,Chromcraft Bull-Nose Wood Oval Conference Tables & Bases,4297.644,13,0.4,-1862.3124
9641,CA-2014-104563,3/7/2014,3/12/2014,Standard Class,CM-12715,Craig Molinari,Corporate,United States,Seattle,Washington,98103,West,OFF-AR-10000390,Office Supplies,Art,Newell Chalk Holder,20.65,5,0,9.499
9642,CA-2014-104563,3/7/2014,3/12/2014,Standard Class,CM-12715,Craig Molinari,Corporate,United States,Seattle,Washington,98103,West,OFF-ST-10000934,Office Supplies,Storage,"Contico 72""H Heavy-Duty Storage System",204.9,5,0,0
9643,CA-2014-104563,3/7/2014,3/12/2014,Standard Class,CM-12715,Craig Molinari,Corporate,United States,Seattle,Washington,98103,West,FUR-CH-10002780,Furniture,Chairs,Office Star - Task Chair with Contemporary Loop Arms,436.704,6,0.2,21.8352
9644,CA-2014-104563,3/7/2014,3/12/2014,Standard Class,CM-12715,Craig Molinari,Corporate,United States,Seattle,Washington,98103,West,FUR-CH-10004495,Furniture,Chairs,"Global Leather and Oak Executive Chair, Black",481.568,2,0.2,54.1764
9645,US-2017-107979,6/8/2017,6/13/2017,Standard Class,FO-14305,Frank Olsen,Consumer,United States,Glendale,Arizona,85301,West,TEC-AC-10002006,Technology,Accessories,Memorex Micro Travel Drive 16 GB,89.544,7,0.2,12.3123
9646,US-2017-107979,6/8/2017,6/13/2017,Standard Class,FO-14305,Frank Olsen,Consumer,United States,Glendale,Arizona,85301,West,OFF-ST-10002485,Office Supplies,Storage,Rogers Deluxe File Chest,35.168,2,0.2,-8.3524
9647,US-2017-107979,6/8/2017,6/13/2017,Standard Class,FO-14305,Frank Olsen,Consumer,United States,Glendale,Arizona,85301,West,OFF-BI-10000778,Office Supplies,Binders,GBC VeloBinder Electric Binding Machine,72.588,2,0.7,-48.392
9648,CA-2014-150518,11/19/2014,11/24/2014,Standard Class,MW-18220,Mitch Webber,Consumer,United States,Coon Rapids,Minnesota,55433,Central,OFF-ST-10000877,Office Supplies,Storage,Recycled Steel Personal File for Standard File Folders,221.16,4,0,57.5016
9649,CA-2014-150518,11/19/2014,11/24/2014,Standard Class,MW-18220,Mitch Webber,Consumer,United States,Coon Rapids,Minnesota,55433,Central,TEC-PH-10002103,Technology,Phones,Jabra SPEAK 410,281.97,3,0,78.9516
9650,CA-2016-107104,11/26/2016,11/30/2016,Standard Class,MS-17365,Maribeth Schnelling,Consumer,United States,Los Angeles,California,90045,West,FUR-BO-10002213,Furniture,Bookcases,DMI Eclipse Executive Suite Bookcases,3406.664,8,0.15,160.3136
9651,CA-2016-107104,11/26/2016,11/30/2016,Standard Class,MS-17365,Maribeth Schnelling,Consumer,United States,Los Angeles,California,90045,West,OFF-AR-10004269,Office Supplies,Art,Newell 31,37.17,9,0,10.4076
9652,CA-2016-107104,11/26/2016,11/30/2016,Standard Class,MS-17365,Maribeth Schnelling,Consumer,United States,Los Angeles,California,90045,West,OFF-AP-10000055,Office Supplies,Appliances,Belkin F9S820V06 8 Outlet Surge,64.96,2,0,19.488
9653,CA-2016-107104,11/26/2016,11/30/2016,Standard Class,MS-17365,Maribeth Schnelling,Consumer,United States,Los Angeles,California,90045,West,FUR-FU-10002937,Furniture,Furnishings,"GE 48"" Fluorescent Tube, Cool White Energy Saver, 34 Watts, 30/Box",595.38,6,0,297.69
9654,CA-2017-161893,1/23/2017,1/27/2017,Standard Class,HP-14815,Harold Pawlan,Home Office,United States,Tucson,Arizona,85705,West,TEC-AC-10001874,Technology,Accessories,Logitech Wireless Anywhere Mouse MX for PC and Mac,95.984,2,0.2,11.998
9655,CA-2017-161893,1/23/2017,1/27/2017,Standard Class,HP-14815,Harold Pawlan,Home Office,United States,Tucson,Arizona,85705,West,OFF-BI-10004506,Office Supplies,Binders,Wilson Jones data.warehouse D-Ring Binders with DublLock,4.938,2,0.7,-3.6212
9656,CA-2014-156160,9/22/2014,9/29/2014,Standard Class,AS-10090,Adam Shillingsburg,Consumer,United States,New York City,New York,10035,East,FUR-FU-10001876,Furniture,Furnishings,"Computer Room Manger, 14""",97.44,3,0,35.0784
9657,CA-2014-156160,9/22/2014,9/29/2014,Standard Class,AS-10090,Adam Shillingsburg,Consumer,United States,New York City,New York,10035,East,OFF-BI-10003355,Office Supplies,Binders,Cardinal Holdit Business Card Pockets,3.984,1,0.2,1.3944
9658,CA-2014-156160,9/22/2014,9/29/2014,Standard Class,AS-10090,Adam Shillingsburg,Consumer,United States,New York City,New York,10035,East,OFF-AR-10003876,Office Supplies,Art,"Avery Hi-Liter GlideStik Fluorescent Highlighter, Yellow Ink",13.04,4,0,5.7376
9659,CA-2014-156160,9/22/2014,9/29/2014,Standard Class,AS-10090,Adam Shillingsburg,Consumer,United States,New York City,New York,10035,East,FUR-CH-10004983,Furniture,Chairs,Office Star - Mid Back Dual function Ergonomic High Back Chair with 2-Way Adjustable Arms,579.528,4,0.1,83.7096
9660,CA-2014-100860,3/26/2014,3/30/2014,Second Class,CS-12505,Cindy Stewart,Consumer,United States,Pomona,California,91767,West,OFF-LA-10001982,Office Supplies,Labels,Smead Alpha-Z Color-Coded Name Labels First Letter Starter Set,18.75,5,0,9
9661,CA-2016-160717,6/6/2016,6/11/2016,Standard Class,ME-17320,Maria Etezadi,Home Office,United States,Santa Barbara,California,93101,West,TEC-PH-10001459,Technology,Phones,Samsung Galaxy Mega 6.3,3023.928,9,0.2,226.7946
9662,CA-2016-160717,6/6/2016,6/11/2016,Standard Class,ME-17320,Maria Etezadi,Home Office,United States,Santa Barbara,California,93101,West,TEC-AC-10002134,Technology,Accessories,Rosewill 107 Normal Keys USB Wired Standard Keyboard,26.96,2,0,3.7744
9663,CA-2016-160717,6/6/2016,6/11/2016,Standard Class,ME-17320,Maria Etezadi,Home Office,United States,Santa Barbara,California,93101,West,TEC-PH-10001760,Technology,Phones,Bose SoundLink Bluetooth Speaker,477.6,3,0.2,161.19
9664,CA-2017-132619,8/31/2017,9/5/2017,Standard Class,MS-17770,Maxwell Schwartz,Consumer,United States,San Francisco,California,94109,West,OFF-ST-10001511,Office Supplies,Storage,Space Solutions Commercial Steel Shelving,193.95,3,0,9.6975
9665,US-2015-120957,12/7/2015,12/7/2015,Same Day,KH-16690,Kristen Hastings,Corporate,United States,Riverside,California,92503,West,OFF-PA-10003953,Office Supplies,Paper,Xerox 218,12.96,2,0,6.2208
9666,CA-2017-157448,11/16/2017,11/20/2017,Standard Class,LC-16885,Lena Creighton,Consumer,United States,Los Angeles,California,90049,West,FUR-FU-10003268,Furniture,Furnishings,Eldon Radial Chair Mat for Low to Medium Pile Carpets,119.94,3,0,23.988
9667,CA-2017-157448,11/16/2017,11/20/2017,Standard Class,LC-16885,Lena Creighton,Consumer,United States,Los Angeles,California,90049,West,FUR-FU-10001847,Furniture,Furnishings,Eldon Image Series Black Desk Accessories,12.42,3,0,4.4712
9668,CA-2016-126270,4/23/2016,4/27/2016,Standard Class,AF-10870,Art Ferguson,Consumer,United States,San Clemente,California,92672,West,OFF-BI-10002764,Office Supplies,Binders,Recycled Pressboard Report Cover with Reinforced Top Hinge,18.088,7,0.2,6.5569
9669,CA-2016-126270,4/23/2016,4/27/2016,Standard Class,AF-10870,Art Ferguson,Consumer,United States,San Clemente,California,92672,West,OFF-EN-10004386,Office Supplies,Envelopes,"Recycled Interoffice Envelopes with String and Button Closure, 10 x 13",71.97,3,0,35.985
9670,CA-2017-145275,4/2/2017,4/6/2017,Standard Class,AH-10465,Amy Hunt,Consumer,United States,Decatur,Alabama,35601,South,OFF-LA-10001569,Office Supplies,Labels,Avery 499,14.94,3,0,6.8724
9671,CA-2015-133396,8/13/2015,8/15/2015,First Class,GK-14620,Grace Kelly,Corporate,United States,Greensboro,North Carolina,27405,South,OFF-AR-10001446,Office Supplies,Art,Newell 309,64.68,7,0.2,8.085
9672,US-2017-140312,11/13/2017,11/19/2017,Standard Class,KL-16645,Ken Lonsdale,Consumer,United States,Dublin,California,94568,West,TEC-PH-10003442,Technology,Phones,Samsung Replacement EH64AVFWE Premium Headset,22,5,0.2,1.375
9673,CA-2016-114867,12/23/2016,12/28/2016,Standard Class,FM-14290,Frank Merwin,Home Office,United States,Philadelphia,Pennsylvania,19143,East,OFF-PA-10000477,Office Supplies,Paper,Xerox 1952,7.968,2,0.2,2.6892
9674,CA-2016-114867,12/23/2016,12/28/2016,Standard Class,FM-14290,Frank Merwin,Home Office,United States,Philadelphia,Pennsylvania,19143,East,TEC-PH-10002645,Technology,Phones,LG G2,1499.97,5,0.4,-374.9925
9675,US-2014-164644,7/22/2014,7/24/2014,Second Class,JL-15850,John Lucas,Consumer,United States,Houston,Texas,77095,Central,OFF-ST-10003123,Office Supplies,Storage,Fellowes Bases and Tops For Staxonsteel/High-Stak Systems,26.632,1,0.2,1.3316
9676,CA-2016-137393,5/6/2016,5/10/2016,Standard Class,GM-14500,Gene McClure,Consumer,United States,Bakersfield,California,93309,West,FUR-FU-10001617,Furniture,Furnishings,"Executive Impressions 8-1/2"" Career Panel/Partition Cubicle Clock",41.6,4,0,14.144
9677,US-2014-120175,11/28/2014,12/3/2014,Standard Class,MC-17635,Matthew Clasen,Corporate,United States,Richmond,Indiana,47374,Central,OFF-EN-10003862,Office Supplies,Envelopes,Laser & Ink Jet Business Envelopes,64.02,6,0,29.4492
9678,CA-2016-144785,4/18/2016,4/23/2016,Standard Class,CS-12490,Cindy Schnelling,Corporate,United States,New York City,New York,10009,East,OFF-AR-10001573,Office Supplies,Art,American Pencil,6.99,3,0,2.0271
9679,CA-2016-144785,4/18/2016,4/23/2016,Standard Class,CS-12490,Cindy Schnelling,Corporate,United States,New York City,New York,10009,East,OFF-SU-10004290,Office Supplies,Supplies,"Acme Design Line 8"" Stainless Steel Bent Scissors w/Champagne Handles, 3-1/8"" Cut",6.84,1,0,1.8468
9680,CA-2015-130113,12/27/2015,12/31/2015,Standard Class,AH-10030,Aaron Hawkins,Corporate,United States,San Francisco,California,94122,West,OFF-ST-10000046,Office Supplies,Storage,Fellowes Super Stor/Drawer Files,323.1,2,0,61.389
9681,CA-2015-130113,12/27/2015,12/31/2015,Standard Class,AH-10030,Aaron Hawkins,Corporate,United States,San Francisco,California,94122,West,TEC-PH-10003505,Technology,Phones,Geemarc AmpliPOWER60,668.16,9,0.2,75.168
9682,CA-2017-122770,12/13/2017,12/18/2017,Standard Class,EP-13915,Emily Phan,Consumer,United States,San Francisco,California,94122,West,OFF-LA-10004559,Office Supplies,Labels,Avery 49,8.64,3,0,4.2336
9683,CA-2017-122770,12/13/2017,12/18/2017,Standard Class,EP-13915,Emily Phan,Consumer,United States,San Francisco,California,94122,West,OFF-PA-10003172,Office Supplies,Paper,Xerox 1996,38.88,6,0,18.6624
9684,CA-2017-122770,12/13/2017,12/18/2017,Standard Class,EP-13915,Emily Phan,Consumer,United States,San Francisco,California,94122,West,FUR-FU-10001473,Furniture,Furnishings,"Eldon Executive Woodline II Desk Accessories, Mahogany",201.04,8,0,54.2808
9685,CA-2017-122770,12/13/2017,12/18/2017,Standard Class,EP-13915,Emily Phan,Consumer,United States,San Francisco,California,94122,West,OFF-PA-10000232,Office Supplies,Paper,Xerox 1975,12.96,2,0,6.3504
9686,CA-2017-118668,1/2/2017,1/4/2017,Second Class,FW-14395,Fred Wasserman,Corporate,United States,Los Angeles,California,90032,West,TEC-AC-10000682,Technology,Accessories,Kensington K72356US Mouse-in-a-Box USB Desktop Mouse,16.59,1,0,5.8065
9687,CA-2017-116498,5/30/2017,6/3/2017,Standard Class,KA-16525,Kelly Andreada,Consumer,United States,San Diego,California,92037,West,OFF-AR-10003405,Office Supplies,Art,"Dixon My First Ticonderoga Pencil, #2",35.1,6,0,10.179
9688,US-2017-130603,9/30/2017,10/6/2017,Standard Class,SC-20050,Sample Company A,Home Office,United States,Arlington,Texas,76017,Central,OFF-BI-10000301,Office Supplies,Binders,GBC Instant Report Kit,11.646,9,0.8,-17.469
9689,US-2017-135986,6/20/2017,6/27/2017,Standard Class,PG-18895,Paul Gonzalez,Consumer,United States,Richmond,Virginia,23223,South,OFF-PA-10001534,Office Supplies,Paper,Xerox 230,32.4,5,0,15.552
9690,US-2017-135986,6/20/2017,6/27/2017,Standard Class,PG-18895,Paul Gonzalez,Consumer,United States,Richmond,Virginia,23223,South,TEC-PH-10003691,Technology,Phones,BlackBerry Q10,503.96,4,0,125.99
9691,CA-2017-140536,4/4/2017,4/5/2017,First Class,TA-21385,Tom Ashbrook,Home Office,United States,New York City,New York,10035,East,OFF-AR-10001545,Office Supplies,Art,Newell 326,7.04,4,0,2.0416
9692,CA-2015-130183,11/13/2015,11/17/2015,Standard Class,PO-18850,Patrick O'Brill,Consumer,United States,Houston,Texas,77041,Central,FUR-BO-10001811,Furniture,Bookcases,"Atlantic Metals Mobile 5-Shelf Bookcases, Custom Colors",613.9992,3,0.32,-18.0588
9693,CA-2015-107902,8/28/2015,9/2/2015,Standard Class,SM-20950,Suzanne McNair,Corporate,United States,Fairfield,Connecticut,6824,East,OFF-ST-10001837,Office Supplies,Storage,"SAFCO Mobile Desk Side File, Wire Frame",470.36,11,0,122.2936
9694,CA-2017-130148,9/24/2017,9/28/2017,Second Class,NK-18490,Neil Knudson,Home Office,United States,San Francisco,California,94110,West,OFF-PA-10000551,Office Supplies,Paper,Array Memo Cubes,31.08,6,0,15.2292
9695,CA-2017-130148,9/24/2017,9/28/2017,Second Class,NK-18490,Neil Knudson,Home Office,United States,San Francisco,California,94110,West,OFF-SU-10001574,Office Supplies,Supplies,Acme Value Line Scissors,7.3,2,0,2.19
9696,US-2016-151260,12/11/2016,12/14/2016,First Class,SC-20695,Steve Chapman,Corporate,United States,Springfield,Ohio,45503,East,OFF-AP-10002892,Office Supplies,Appliances,Belkin F5C206VTEL 6 Outlet Surge,73.536,4,0.2,9.192
9697,CA-2014-144281,6/10/2014,6/15/2014,Second Class,HK-14890,Heather Kirkland,Corporate,United States,Detroit,Michigan,48234,Central,OFF-LA-10003930,Office Supplies,Labels,"Dot Matrix Printer Tape Reel Labels, White, 5000/Box",491.55,5,0,240.8595
9698,CA-2016-122511,3/11/2016,3/11/2016,Same Day,BT-11485,Brad Thomas,Home Office,United States,Philadelphia,Pennsylvania,19140,East,FUR-FU-10001037,Furniture,Furnishings,"DAX Charcoal/Nickel-Tone Document Frame, 5 x 7",30.336,4,0.2,9.48
9699,CA-2017-154116,12/15/2017,12/19/2017,Standard Class,KM-16660,Khloe Miller,Consumer,United States,Inglewood,California,90301,West,OFF-PA-10004569,Office Supplies,Paper,"Wirebound Message Books, Two 4 1/4"" x 5"" Forms per Page",22.83,3,0,10.7301
9700,CA-2017-154116,12/15/2017,12/19/2017,Standard Class,KM-16660,Khloe Miller,Consumer,United States,Inglewood,California,90301,West,OFF-AP-10000027,Office Supplies,Appliances,Hoover Commercial SteamVac,54.32,4,0,16.296
9701,CA-2017-154116,12/15/2017,12/19/2017,Standard Class,KM-16660,Khloe Miller,Consumer,United States,Inglewood,California,90301,West,TEC-PH-10000675,Technology,Phones,Panasonic KX TS3282B Corded phone,196.776,3,0.2,14.7582
9702,CA-2016-105291,10/30/2016,11/4/2016,Standard Class,SP-20920,Susan Pistek,Consumer,United States,San Luis Obispo,California,93405,West,OFF-FA-10003059,Office Supplies,Fasteners,Assorted Color Push Pins,3.62,2,0,1.1946
9703,CA-2017-147032,7/31/2017,8/4/2017,Standard Class,LB-16795,Laurel Beltran,Home Office,United States,Wilmington,Delaware,19805,East,OFF-PA-10003256,Office Supplies,Paper,Avery Personal Creations Heavyweight Cards,11.54,1,0,5.5392
9704,CA-2017-147032,7/31/2017,8/4/2017,Standard Class,LB-16795,Laurel Beltran,Home Office,United States,Wilmington,Delaware,19805,East,OFF-BI-10003656,Office Supplies,Binders,Fellowes PB200 Plastic Comb Binding Machine,849.95,5,0,390.977
9705,CA-2017-147032,7/31/2017,8/4/2017,Standard Class,LB-16795,Laurel Beltran,Home Office,United States,Wilmington,Delaware,19805,East,OFF-BI-10002897,Office Supplies,Binders,"Black Avery Memo-Size 3-Ring Binder, 5 1/2"" x 8 1/2""",11.01,3,0,5.3949
9706,CA-2017-125990,10/19/2017,10/23/2017,Standard Class,JS-16030,Joy Smith,Consumer,United States,San Francisco,California,94122,West,OFF-BI-10004826,Office Supplies,Binders,JM Magazine Binder,39.624,3,0.2,13.8684
9707,CA-2016-161746,10/21/2016,10/27/2016,Standard Class,CS-11950,Carlos Soltero,Consumer,United States,Los Angeles,California,90045,West,FUR-CH-10004626,Furniture,Chairs,Office Star Flex Back Scooter Chair with Aluminum Finish Frame,242.136,3,0.2,12.1068
9708,CA-2016-161746,10/21/2016,10/27/2016,Standard Class,CS-11950,Carlos Soltero,Consumer,United States,Los Angeles,California,90045,West,OFF-AR-10000390,Office Supplies,Art,Newell Chalk Holder,12.39,3,0,5.6994
9709,CA-2016-161746,10/21/2016,10/27/2016,Standard Class,CS-11950,Carlos Soltero,Consumer,United States,Los Angeles,California,90045,West,FUR-FU-10003731,Furniture,Furnishings,"Eldon Expressions Wood and Plastic Desk Accessories, Oak",19.96,2,0,5.5888
9710,CA-2016-161746,10/21/2016,10/27/2016,Standard Class,CS-11950,Carlos Soltero,Consumer,United States,Los Angeles,California,90045,West,OFF-ST-10002743,Office Supplies,Storage,SAFCO Boltless Steel Shelving,340.92,3,0,3.4092
9711,CA-2014-114251,11/5/2014,11/10/2014,Standard Class,MD-17350,Maribeth Dona,Consumer,United States,Philadelphia,Pennsylvania,19143,East,FUR-FU-10001468,Furniture,Furnishings,Tenex Antistatic Computer Chair Mats,273.568,2,0.2,-34.196
9712,CA-2014-114251,11/5/2014,11/10/2014,Standard Class,MD-17350,Maribeth Dona,Consumer,United States,Philadelphia,Pennsylvania,19143,East,OFF-BI-10003684,Office Supplies,Binders,Wilson Jones Legal Size Ring Binders,13.194,2,0.7,-8.796
9713,CA-2014-114251,11/5/2014,11/10/2014,Standard Class,MD-17350,Maribeth Dona,Consumer,United States,Philadelphia,Pennsylvania,19143,East,OFF-ST-10003716,Office Supplies,Storage,Tennsco Double-Tier Lockers,1080.096,6,0.2,-94.5084
9714,CA-2014-114251,11/5/2014,11/10/2014,Standard Class,MD-17350,Maribeth Dona,Consumer,United States,Philadelphia,Pennsylvania,19143,East,TEC-AC-10001101,Technology,Accessories,Sony 16GB Class 10 Micro SDHC R40 Memory Card,51.56,5,0.2,-6.445
9715,CA-2014-114251,11/5/2014,11/10/2014,Standard Class,MD-17350,Maribeth Dona,Consumer,United States,Philadelphia,Pennsylvania,19143,East,TEC-AC-10004864,Technology,Accessories,Memorex Micro Travel Drive 32 GB,58.416,2,0.2,16.7946
9716,CA-2016-116379,11/7/2016,11/12/2016,Standard Class,LD-17005,Lisa DeCherney,Consumer,United States,San Francisco,California,94122,West,OFF-BI-10001543,Office Supplies,Binders,GBC VeloBinder Manual Binding System,57.584,2,0.2,20.1544
9717,US-2016-144477,8/12/2016,8/14/2016,Second Class,DB-13270,Deborah Brumfield,Home Office,United States,Philadelphia,Pennsylvania,19134,East,OFF-AR-10000914,Office Supplies,Art,Boston 16765 Mini Stand Up Battery Pencil Sharpener,37.312,4,0.2,2.7984
9718,CA-2016-108210,5/30/2016,5/31/2016,Same Day,AT-10735,Annie Thurman,Consumer,United States,Houston,Texas,77041,Central,TEC-PH-10002293,Technology,Phones,Anker 36W 4-Port USB Wall Charger Travel Power Adapter for iPhone 5s 5c 5,79.96,5,0.2,7.996
9719,CA-2016-108210,5/30/2016,5/31/2016,Same Day,AT-10735,Annie Thurman,Consumer,United States,Houston,Texas,77041,Central,TEC-AC-10000109,Technology,Accessories,Sony Micro Vault Click 16 GB USB 2.0 Flash Drive,223.96,5,0.2,11.198
9720,CA-2017-166835,11/12/2017,11/14/2017,Second Class,DK-13375,Dennis Kane,Consumer,United States,Lancaster,Pennsylvania,17602,East,OFF-ST-10002574,Office Supplies,Storage,"SAFCO Commercial Wire Shelving, Black",221.024,2,0.2,-55.256
9721,CA-2016-119641,9/22/2016,9/26/2016,Standard Class,CS-12250,Chris Selesnick,Corporate,United States,Green Bay,Wisconsin,54302,Central,FUR-FU-10002445,Furniture,Furnishings,"DAX Two-Tone Rosewood/Black Document Frame, Desktop, 5 x 7",18.96,2,0,7.584
9722,CA-2016-105781,2/16/2016,2/20/2016,Standard Class,JF-15565,Jill Fjeld,Consumer,United States,New York City,New York,10024,East,FUR-CH-10001802,Furniture,Chairs,Hon Every-Day Chair Series Swivel Task Chairs,326.646,3,0.1,39.9234
9723,CA-2016-105781,2/16/2016,2/20/2016,Standard Class,JF-15565,Jill Fjeld,Consumer,United States,New York City,New York,10024,East,TEC-AC-10003628,Technology,Accessories,Logitech 910-002974 M325 Wireless Mouse for Web Scrolling,89.97,3,0,39.5868
9724,CA-2014-101364,12/22/2014,12/26/2014,Standard Class,TW-21025,Tamara Willingham,Home Office,United States,New York City,New York,10011,East,OFF-BI-10003984,Office Supplies,Binders,Lock-Up Easel 'Spel-Binder',296.712,13,0.2,100.1403
9725,CA-2015-117898,12/5/2015,12/11/2015,Standard Class,TB-21250,Tim Brockman,Consumer,United States,Bloomington,Illinois,61701,Central,OFF-EN-10004459,Office Supplies,Envelopes,Security-Tint Envelopes,12.224,2,0.2,4.4312
9726,CA-2017-142293,9/17/2017,9/20/2017,First Class,SC-20380,Shahid Collister,Consumer,United States,Boise,Idaho,83704,West,TEC-AC-10001109,Technology,Accessories,Logitech Trackman Marble Mouse,89.97,3,0,37.7874
9727,CA-2017-167395,12/2/2017,12/4/2017,First Class,KM-16720,Kunst Miller,Consumer,United States,Lowell,Massachusetts,1852,East,OFF-AP-10001293,Office Supplies,Appliances,Belkin 8 Outlet Surge Protector,286.86,7,0,80.3208
9728,CA-2017-167395,12/2/2017,12/4/2017,First Class,KM-16720,Kunst Miller,Consumer,United States,Lowell,Massachusetts,1852,East,TEC-PH-10004977,Technology,Phones,GE 30524EE4,979.95,5,0,284.1855
9729,CA-2017-167395,12/2/2017,12/4/2017,First Class,KM-16720,Kunst Miller,Consumer,United States,Lowell,Massachusetts,1852,East,OFF-SU-10001935,Office Supplies,Supplies,Staple remover,4.36,2,0,0.1744
9730,CA-2014-111962,9/29/2014,10/4/2014,Standard Class,EB-14170,Evan Bailliet,Consumer,United States,Seattle,Washington,98115,West,OFF-BI-10001308,Office Supplies,Binders,GBC Standard Plastic Binding Systems' Combs,10.048,2,0.2,3.14
9731,CA-2014-111962,9/29/2014,10/4/2014,Standard Class,EB-14170,Evan Bailliet,Consumer,United States,Seattle,Washington,98115,West,OFF-ST-10000046,Office Supplies,Storage,Fellowes Super Stor/Drawer Files,807.75,5,0,153.4725
9732,CA-2017-124261,11/14/2017,11/19/2017,Standard Class,JE-15715,Joe Elijah,Consumer,United States,Los Angeles,California,90049,West,OFF-AR-10003504,Office Supplies,Art,Newell 347,34.24,8,0,9.9296
9733,CA-2014-114321,8/20/2014,8/25/2014,Standard Class,NC-18535,Nick Crebassa,Corporate,United States,Hampton,Virginia,23666,South,FUR-CH-10001797,Furniture,Chairs,"Safco Chair Connectors, 6/Carton",500.24,13,0,145.0696
9734,CA-2014-114321,8/20/2014,8/25/2014,Standard Class,NC-18535,Nick Crebassa,Corporate,United States,Hampton,Virginia,23666,South,OFF-PA-10000246,Office Supplies,Paper,Riverleaf Stik-Withit Designer Note Cubes,20.12,2,0,9.2552
9735,CA-2014-114321,8/20/2014,8/25/2014,Standard Class,NC-18535,Nick Crebassa,Corporate,United States,Hampton,Virginia,23666,South,OFF-BI-10001359,Office Supplies,Binders,GBC DocuBind TL300 Electric Binding System,896.99,1,0,421.5853
9736,CA-2014-128062,11/19/2014,11/22/2014,Second Class,AD-10180,Alan Dominguez,Home Office,United States,Philadelphia,Pennsylvania,19134,East,OFF-PA-10001583,Office Supplies,Paper,"1/4 Fold Party Design Invitations & White Envelopes, 24 8-1/2"" X 11"" Cards, 25 Env./Pack",5.88,1,0.2,1.9845
9737,US-2015-100069,6/29/2015,7/3/2015,Standard Class,NF-18475,Neil Französisch,Home Office,United States,Omaha,Nebraska,68104,Central,TEC-PH-10004667,Technology,Phones,Cisco 8x8 Inc. 6753i IP Business Phone System,269.98,2,0,72.8946
9738,CA-2017-129294,3/16/2017,3/21/2017,Standard Class,KD-16615,Ken Dana,Corporate,United States,Los Angeles,California,90032,West,OFF-ST-10002615,Office Supplies,Storage,"Dual Level, Single-Width Filing Carts",310.12,2,0,80.6312
9739,CA-2017-129294,3/16/2017,3/21/2017,Standard Class,KD-16615,Ken Dana,Corporate,United States,Los Angeles,California,90032,West,OFF-BI-10004236,Office Supplies,Binders,"XtraLife ClearVue Slant-D Ring Binder, White, 3""",70.464,6,0.2,22.9008
9740,CA-2017-129294,3/16/2017,3/21/2017,Standard Class,KD-16615,Ken Dana,Corporate,United States,Los Angeles,California,90032,West,OFF-BI-10001757,Office Supplies,Binders,Pressboard Hanging Data Binders for Unburst Sheets,19.68,5,0.2,6.888
9741,CA-2017-129294,3/16/2017,3/21/2017,Standard Class,KD-16615,Ken Dana,Corporate,United States,Los Angeles,California,90032,West,OFF-AP-10001154,Office Supplies,Appliances,Bionaire Personal Warm Mist Humidifier/Vaporizer,140.67,3,0,54.8613
9742,CA-2015-117086,11/8/2015,11/12/2015,Standard Class,QJ-19255,Quincy Jones,Corporate,United States,Burlington,Vermont,5408,East,FUR-BO-10004834,Furniture,Bookcases,"Riverside Palais Royal Lawyers Bookcase, Royale Cherry Finish",4404.9,5,0,1013.127
9743,CA-2017-131303,11/28/2017,12/2/2017,Standard Class,EP-13915,Emily Phan,Consumer,United States,San Diego,California,92037,West,OFF-LA-10001074,Office Supplies,Labels,Round Specialty Laser Printer Labels,62.65,5,0,29.4455
9744,CA-2016-137127,6/16/2016,6/22/2016,Standard Class,JJ-15445,Jennifer Jackson,Consumer,United States,Newark,Delaware,19711,East,OFF-LA-10001641,Office Supplies,Labels,Avery 518,9.45,3,0,4.536
9745,CA-2017-141782,1/21/2017,1/25/2017,Standard Class,BE-11410,Bobby Elias,Consumer,United States,Aurora,Illinois,60505,Central,OFF-EN-10002230,Office Supplies,Envelopes,Airmail Envelopes,268.576,4,0.2,90.6444
9746,CA-2017-137505,11/24/2017,11/24/2017,Same Day,BP-11290,Beth Paige,Consumer,United States,Los Angeles,California,90008,West,FUR-TA-10000617,Furniture,Tables,"Hon Practical Foundations 30 x 60 Training Table, Light Gray/Charcoal",364.08,2,0.2,9.102
9747,CA-2017-137505,11/24/2017,11/24/2017,Same Day,BP-11290,Beth Paige,Consumer,United States,Los Angeles,California,90008,West,FUR-TA-10001676,Furniture,Tables,Hon 61000 Series Interactive Training Tables,71.088,2,0.2,-1.7772
9748,US-2014-140914,11/11/2014,11/15/2014,Standard Class,BH-11710,Brosina Hoffman,Consumer,United States,Chicago,Illinois,60653,Central,FUR-FU-10000175,Furniture,Furnishings,DAX Wood Document Frame.,10.984,2,0.6,-7.9634
9749,US-2014-140914,11/11/2014,11/15/2014,Standard Class,BH-11710,Brosina Hoffman,Consumer,United States,Chicago,Illinois,60653,Central,FUR-CH-10003379,Furniture,Chairs,Global Commerce Series High-Back Swivel/Tilt Chairs,797.944,4,0.3,-56.996
9750,CA-2016-158358,3/4/2016,3/8/2016,Standard Class,EM-13810,Eleni McCrary,Corporate,United States,Dover,New Hampshire,3820,East,TEC-AC-10002567,Technology,Accessories,Logitech G602 Wireless Gaming Mouse,159.98,2,0,57.5928
9751,CA-2016-113390,10/11/2016,10/15/2016,Standard Class,EP-13915,Emily Phan,Consumer,United States,Chicago,Illinois,60610,Central,OFF-AR-10003183,Office Supplies,Art,Avery Fluorescent Highlighter Four-Color Set,5.344,2,0.2,0.668
9752,CA-2016-113390,10/11/2016,10/15/2016,Standard Class,EP-13915,Emily Phan,Consumer,United States,Chicago,Illinois,60610,Central,OFF-AR-10001446,Office Supplies,Art,Newell 309,27.72,3,0.2,3.465
9753,US-2016-158680,7/1/2016,7/2/2016,First Class,NZ-18565,Nick Zandusky,Home Office,United States,Seattle,Washington,98115,West,OFF-BI-10000145,Office Supplies,Binders,Zipper Ring Binder Pockets,2.496,1,0.2,0.9048
9754,CA-2017-113705,3/27/2017,3/29/2017,Second Class,LC-16870,Lena Cacioppo,Consumer,United States,Richmond,Virginia,23223,South,OFF-LA-10000476,Office Supplies,Labels,"Avery 05222 Permanent Self-Adhesive File Folder Labels for Typewriters, on Rolls, White, 250/Roll",8.26,2,0,3.7996
9755,CA-2017-113705,3/27/2017,3/29/2017,Second Class,LC-16870,Lena Cacioppo,Consumer,United States,Richmond,Virginia,23223,South,OFF-BI-10001679,Office Supplies,Binders,GBC Instant Index System for Binding Systems,17.76,2,0,8.88
9756,CA-2017-113705,3/27/2017,3/29/2017,Second Class,LC-16870,Lena Cacioppo,Consumer,United States,Richmond,Virginia,23223,South,OFF-ST-10001128,Office Supplies,Storage,"Carina Mini System Audio Rack, Model AR050B",332.94,3,0,9.9882
9757,CA-2017-113705,3/27/2017,3/29/2017,Second Class,LC-16870,Lena Cacioppo,Consumer,United States,Richmond,Virginia,23223,South,FUR-TA-10002533,Furniture,Tables,BPI Conference Tables,292.1,2,0,58.42
9758,CA-2017-113705,3/27/2017,3/29/2017,Second Class,LC-16870,Lena Cacioppo,Consumer,United States,Richmond,Virginia,23223,South,TEC-PH-10004006,Technology,Phones,Panasonic KX - TS880B Telephone,206.1,5,0,55.647
9759,CA-2017-113705,3/27/2017,3/29/2017,Second Class,LC-16870,Lena Cacioppo,Consumer,United States,Richmond,Virginia,23223,South,OFF-PA-10002615,Office Supplies,Paper,"Ampad Gold Fibre Wirebound Steno Books, 6"" x 9"", Gregg Ruled",17.64,4,0,8.1144
9760,CA-2016-146913,10/31/2016,11/5/2016,Standard Class,SF-20965,Sylvia Foulston,Corporate,United States,San Francisco,California,94109,West,FUR-CH-10001854,Furniture,Chairs,Office Star - Professional Matrix Back Chair with 2-to-1 Synchro Tilt and Mesh Fabric Seat,1403.92,5,0.2,70.196
9761,CA-2017-159135,11/4/2017,11/8/2017,Standard Class,KM-16375,Katherine Murray,Home Office,United States,Springdale,Arkansas,72762,South,OFF-AR-10000657,Office Supplies,Art,"Binney & Smith inkTank Desk Highlighter, Chisel Tip, Yellow, 12/Box",4.3,2,0,1.419
9762,CA-2014-121762,2/14/2014,2/18/2014,Standard Class,ML-17395,Marina Lichtenstein,Corporate,United States,Seattle,Washington,98103,West,TEC-AC-10000736,Technology,Accessories,Logitech G600 MMO Gaming Mouse,239.97,3,0,86.3892
9763,CA-2014-121762,2/14/2014,2/18/2014,Standard Class,ML-17395,Marina Lichtenstein,Corporate,United States,Seattle,Washington,98103,West,OFF-AP-10001293,Office Supplies,Appliances,Belkin 8 Outlet Surge Protector,81.96,2,0,22.9488
9764,CA-2014-121762,2/14/2014,2/18/2014,Standard Class,ML-17395,Marina Lichtenstein,Corporate,United States,Seattle,Washington,98103,West,OFF-SU-10000157,Office Supplies,Supplies,Compact Automatic Electric Letter Opener,238.62,2,0,4.7724
9765,CA-2014-123855,6/18/2014,6/23/2014,Standard Class,MC-18100,Mick Crebagga,Consumer,United States,Los Angeles,California,90036,West,TEC-PH-10000215,Technology,Phones,Plantronics Cordless Phone Headset with In-line Volume - M214C,139.8,5,0.2,12.2325
9766,CA-2017-101959,2/28/2017,3/6/2017,Standard Class,DB-13660,Duane Benoit,Consumer,United States,Middletown,Connecticut,6457,East,OFF-BI-10001757,Office Supplies,Binders,Pressboard Hanging Data Binders for Unburst Sheets,9.84,2,0,4.7232
9767,CA-2017-101959,2/28/2017,3/6/2017,Standard Class,DB-13660,Duane Benoit,Consumer,United States,Middletown,Connecticut,6457,East,OFF-PA-10002137,Office Supplies,Paper,"Southworth 100% Résumé Paper, 24lb.",7.78,1,0,3.501
9768,CA-2017-102659,12/9/2017,12/15/2017,Standard Class,LW-17215,Luke Weiss,Consumer,United States,Grand Rapids,Michigan,49505,Central,OFF-BI-10000088,Office Supplies,Binders,GBC Imprintable Covers,54.9,5,0,26.901
9769,CA-2017-142328,12/7/2017,12/14/2017,Standard Class,TC-21535,Tracy Collins,Home Office,United States,San Francisco,California,94122,West,OFF-PA-10000380,Office Supplies,Paper,"REDIFORM Incoming/Outgoing Call Register, 11"" X 8 1/2"", 100 Messages",50.04,6,0,25.02
9770,CA-2016-123533,11/24/2016,11/30/2016,Standard Class,SC-20050,Sample Company A,Home Office,United States,Hialeah,Florida,33012,South,FUR-BO-10001619,Furniture,Bookcases,O'Sullivan Cherrywood Estates Traditional Bookcase,339.92,5,0.2,8.498
9771,CA-2016-123533,11/24/2016,11/30/2016,Standard Class,SC-20050,Sample Company A,Home Office,United States,Hialeah,Florida,33012,South,OFF-PA-10001609,Office Supplies,Paper,Tops Wirebound Message Log Books,10.528,4,0.2,3.4216
9772,CA-2016-123533,11/24/2016,11/30/2016,Standard Class,SC-20050,Sample Company A,Home Office,United States,Hialeah,Florida,33012,South,OFF-AP-10002765,Office Supplies,Appliances,Fellowes Advanced Computer Series Surge Protectors,42.384,2,0.2,4.2384
9773,CA-2016-104983,7/3/2016,7/3/2016,Same Day,FM-14215,Filia McAdams,Corporate,United States,Philadelphia,Pennsylvania,19143,East,OFF-PA-10000167,Office Supplies,Paper,Xerox 1925,123.92,5,0.2,38.725
9774,CA-2016-160234,6/26/2016,7/3/2016,Standard Class,PF-19225,Phillip Flathmann,Consumer,United States,Atlanta,Georgia,30318,South,TEC-PH-10004434,Technology,Phones,Cisco IP Phone 7961G VoIP phone - Dark gray,135.95,1,0,39.4255
9775,CA-2014-169019,7/26/2014,7/30/2014,Standard Class,LF-17185,Luke Foster,Consumer,United States,San Antonio,Texas,78207,Central,OFF-BI-10004995,Office Supplies,Binders,GBC DocuBind P400 Electric Binding System,2177.584,8,0.8,-3701.8928
9776,CA-2014-169019,7/26/2014,7/30/2014,Standard Class,LF-17185,Luke Foster,Consumer,United States,San Antonio,Texas,78207,Central,FUR-FU-10004666,Furniture,Furnishings,DAX Clear Channel Poster Frame,17.496,3,0.6,-10.0602
9777,CA-2014-169019,7/26/2014,7/30/2014,Standard Class,LF-17185,Luke Foster,Consumer,United States,San Antonio,Texas,78207,Central,OFF-BI-10001524,Office Supplies,Binders,GBC Premium Transparent Covers with Diagonal Lined Pattern,16.784,4,0.8,-26.8544
9778,CA-2014-169019,7/26/2014,7/30/2014,Standard Class,LF-17185,Luke Foster,Consumer,United States,San Antonio,Texas,78207,Central,TEC-AC-10002076,Technology,Accessories,Microsoft Natural Keyboard Elite,431.136,9,0.2,-26.946
9779,CA-2014-169019,7/26/2014,7/30/2014,Standard Class,LF-17185,Luke Foster,Consumer,United States,San Antonio,Texas,78207,Central,OFF-BI-10001679,Office Supplies,Binders,GBC Instant Index System for Binding Systems,8.88,5,0.8,-13.32
9780,CA-2014-169019,7/26/2014,7/30/2014,Standard Class,LF-17185,Luke Foster,Consumer,United States,San Antonio,Texas,78207,Central,OFF-AP-10003281,Office Supplies,Appliances,Acco 6 Outlet Guardian Standard Surge Suppressor,4.836,2,0.8,-12.09
9781,CA-2016-153178,9/14/2016,9/18/2016,Standard Class,CL-12565,Clay Ludtke,Consumer,United States,Long Beach,New York,11561,East,TEC-PH-10001944,Technology,Phones,Wi-Ex zBoost YX540 Cellular Phone Signal Booster,437.85,3,0,131.355
9782,CA-2016-153178,9/14/2016,9/18/2016,Standard Class,CL-12565,Clay Ludtke,Consumer,United States,Long Beach,New York,11561,East,OFF-BI-10004390,Office Supplies,Binders,GBC DocuBind 200 Manual Binding Machine,673.568,2,0.2,252.588
9783,CA-2015-149748,5/31/2015,6/2/2015,Second Class,EM-13825,Elizabeth Moffitt,Corporate,United States,Paterson,New Jersey,7501,East,OFF-PA-10002120,Office Supplies,Paper,Xerox 1889,274.8,5,0,134.652
9784,CA-2015-149748,5/31/2015,6/2/2015,Second Class,EM-13825,Elizabeth Moffitt,Corporate,United States,Paterson,New Jersey,7501,East,OFF-ST-10004340,Office Supplies,Storage,"Fellowes Mobile File Cart, Black",62.18,1,0,16.7886
9785,CA-2015-149748,5/31/2015,6/2/2015,Second Class,EM-13825,Elizabeth Moffitt,Corporate,United States,Paterson,New Jersey,7501,East,FUR-FU-10001847,Furniture,Furnishings,Eldon Image Series Black Desk Accessories,8.28,2,0,2.9808
9786,CA-2015-155635,5/9/2015,5/13/2015,Standard Class,ME-17725,Max Engle,Consumer,United States,Louisville,Kentucky,40214,South,OFF-BI-10000962,Office Supplies,Binders,"Acco Flexible ACCOHIDE Square Ring Data Binder, Dark Blue, 11 1/2"" X 14"" 7/8""",48.81,3,0,23.9169
9787,US-2014-114377,11/5/2014,11/5/2014,Same Day,BG-11035,Barry Gonzalez,Consumer,United States,Hampton,Virginia,23666,South,FUR-CH-10004754,Furniture,Chairs,"Global Stack Chair with Arms, Black",149.9,5,0,40.473
9788,CA-2017-144491,3/27/2017,4/1/2017,Standard Class,CJ-12010,Caroline Jumper,Consumer,United States,Houston,Texas,77070,Central,FUR-BO-10001811,Furniture,Bookcases,"Atlantic Metals Mobile 5-Shelf Bookcases, Custom Colors",1023.332,5,0.32,-30.098
9789,CA-2017-144491,3/27/2017,4/1/2017,Standard Class,CJ-12010,Caroline Jumper,Consumer,United States,Houston,Texas,77070,Central,FUR-CH-10004063,Furniture,Chairs,Global Deluxe High-Back Manager's Chair,600.558,3,0.3,-8.5794
9790,CA-2017-144491,3/27/2017,4/1/2017,Standard Class,CJ-12010,Caroline Jumper,Consumer,United States,Houston,Texas,77070,Central,TEC-AC-10004901,Technology,Accessories,Kensington SlimBlade Notebook Wireless Mouse with Nano Receiver ,39.992,1,0.2,6.9986
9791,CA-2017-144491,3/27/2017,4/1/2017,Standard Class,CJ-12010,Caroline Jumper,Consumer,United States,Houston,Texas,77070,Central,FUR-CH-10001714,Furniture,Chairs,"Global Leather & Oak Executive Chair, Burgundy",211.246,2,0.3,-66.3916
9792,CA-2014-127166,5/21/2014,5/23/2014,Second Class,KH-16360,Katherine Hughes,Consumer,United States,Houston,Texas,77070,Central,OFF-EN-10003134,Office Supplies,Envelopes,Staple envelope,56.064,6,0.2,21.024
9793,CA-2014-127166,5/21/2014,5/23/2014,Second Class,KH-16360,Katherine Hughes,Consumer,United States,Houston,Texas,77070,Central,FUR-CH-10003396,Furniture,Chairs,Global Deluxe Steno Chair,107.772,2,0.3,-29.2524
9794,CA-2014-127166,5/21/2014,5/23/2014,Second Class,KH-16360,Katherine Hughes,Consumer,United States,Houston,Texas,77070,Central,OFF-PA-10001560,Office Supplies,Paper,"Adams Telephone Message Books, 5 1/4” x 11”",4.832,1,0.2,1.6308
9795,CA-2014-127166,5/21/2014,5/23/2014,Second Class,KH-16360,Katherine Hughes,Consumer,United States,Houston,Texas,77070,Central,OFF-BI-10000977,Office Supplies,Binders,Ibico Plastic Spiral Binding Combs,18.24,3,0.8,-31.008
9796,CA-2016-125920,5/21/2016,5/28/2016,Standard Class,SH-19975,Sally Hughsby,Corporate,United States,Chicago,Illinois,60610,Central,OFF-BI-10003429,Office Supplies,Binders,"Cardinal HOLDit! Binder Insert Strips,Extra Strips",3.798,3,0.8,-5.8869
9797,CA-2015-128608,1/12/2015,1/17/2015,Standard Class,CS-12490,Cindy Schnelling,Corporate,United States,Toledo,Ohio,43615,East,OFF-AR-10001374,Office Supplies,Art,"BIC Brite Liner Highlighters, Chisel Tip",10.368,2,0.2,1.5552
9798,CA-2015-128608,1/12/2015,1/17/2015,Standard Class,CS-12490,Cindy Schnelling,Corporate,United States,Toledo,Ohio,43615,East,TEC-PH-10004977,Technology,Phones,GE 30524EE4,235.188,2,0.4,-43.1178
9799,CA-2015-128608,1/12/2015,1/17/2015,Standard Class,CS-12490,Cindy Schnelling,Corporate,United States,Toledo,Ohio,43615,East,TEC-PH-10000912,Technology,Phones,Anker 24W Portable Micro USB Car Charger,26.376,4,0.4,2.6376
9800,CA-2015-128608,1/12/2015,1/17/2015,Standard Class,CS-12490,Cindy Schnelling,Corporate,United States,Toledo,Ohio,43615,East,TEC-AC-10000487,Technology,Accessories,SanDisk Cruzer 4 GB USB Flash Drive,10.384,2,0.2,2.2066
9801,CA-2015-128608,1/12/2015,1/17/2015,Standard Class,CS-12490,Cindy Schnelling,Corporate,United States,Toledo,Ohio,43615,East,TEC-PH-10002262,Technology,Phones,LG Electronics Tone+ HBS-730 Bluetooth Headset,107.118,3,0.4,-21.4236
9802,CA-2017-137918,9/29/2017,10/6/2017,Standard Class,JK-15730,Joe Kamberova,Consumer,United States,Lodi,California,95240,West,OFF-SU-10000898,Office Supplies,Supplies,"Acme Hot Forged Carbon Steel Scissors with Nickel-Plated Handles, 3 7/8"" Cut, 8""L",97.3,7,0,28.217
9803,CA-2015-122973,7/18/2015,7/20/2015,Second Class,PJ-19015,Pauline Johnson,Consumer,United States,New York City,New York,10024,East,OFF-BI-10004182,Office Supplies,Binders,Economy Binders,3.328,2,0.2,1.2064
9804,CA-2015-122973,7/18/2015,7/20/2015,Second Class,PJ-19015,Pauline Johnson,Consumer,United States,New York City,New York,10024,East,TEC-PH-10002468,Technology,Phones,"Plantronics CS 50-USB - headset - Convertible, Monaural",135.99,1,0,36.7173
9805,CA-2015-122973,7/18/2015,7/20/2015,Second Class,PJ-19015,Pauline Johnson,Consumer,United States,New York City,New York,10024,East,FUR-FU-10002364,Furniture,Furnishings,"Eldon Expressions Wood Desk Accessories, Oak",7.38,1,0,2.1402
9806,CA-2016-136322,10/21/2016,10/26/2016,Standard Class,AP-10720,Anne Pryor,Home Office,United States,Fort Lauderdale,Florida,33311,South,FUR-FU-10002878,Furniture,Furnishings,"Seth Thomas 14"" Day/Date Wall Clock",45.568,2,0.2,9.6832
9807,CA-2016-136322,10/21/2016,10/26/2016,Standard Class,AP-10720,Anne Pryor,Home Office,United States,Fort Lauderdale,Florida,33311,South,OFF-BI-10004817,Office Supplies,Binders,GBC Personal VeloBind Strips,28.752,8,0.7,-21.0848
9808,CA-2017-107209,7/27/2017,8/1/2017,Second Class,JW-15955,Joni Wasserman,Consumer,United States,Raleigh,North Carolina,27604,South,FUR-CH-10001146,Furniture,Chairs,"Global Value Mid-Back Manager's Chair, Gray",194.848,4,0.2,12.178
9809,CA-2017-145093,7/21/2017,7/26/2017,Standard Class,PT-19090,Pete Takahito,Consumer,United States,Chicago,Illinois,60623,Central,OFF-BI-10001116,Office Supplies,Binders,"Wilson Jones 1"" Hanging DublLock Ring Binders",2.112,2,0.8,-3.3792
9810,US-2014-139640,11/7/2014,11/11/2014,Second Class,TB-21595,Troy Blackwell,Consumer,United States,Portland,Oregon,97206,West,OFF-PA-10000304,Office Supplies,Paper,Xerox 1995,25.92,5,0.2,9.072
9811,US-2014-139640,11/7/2014,11/11/2014,Second Class,TB-21595,Troy Blackwell,Consumer,United States,Portland,Oregon,97206,West,OFF-AR-10002240,Office Supplies,Art,Panasonic KP-150 Electric Pencil Sharpener,120.768,4,0.2,9.0576
9812,CA-2016-117583,11/27/2016,11/30/2016,First Class,CB-12025,Cassandra Brandow,Consumer,United States,East Orange,New Jersey,7017,East,OFF-PA-10001246,Office Supplies,Paper,Xerox 215,25.92,4,0,12.4416
9813,CA-2016-117583,11/27/2016,11/30/2016,First Class,CB-12025,Cassandra Brandow,Consumer,United States,East Orange,New Jersey,7017,East,OFF-AR-10000658,Office Supplies,Art,Newell 324,34.65,3,0,9.702
9814,CA-2016-117583,11/27/2016,11/30/2016,First Class,CB-12025,Cassandra Brandow,Consumer,United States,East Orange,New Jersey,7017,East,OFF-PA-10000100,Office Supplies,Paper,Xerox 1945,204.95,5,0,100.4255
9815,CA-2016-117583,11/27/2016,11/30/2016,First Class,CB-12025,Cassandra Brandow,Consumer,United States,East Orange,New Jersey,7017,East,OFF-BI-10004233,Office Supplies,Binders,"GBC Pre-Punched Binding Paper, Plastic, White, 8-1/2"" x 11""",79.95,5,0,38.376
9816,CA-2015-162201,6/8/2015,6/12/2015,Standard Class,AG-10495,Andrew Gjertsen,Corporate,United States,Saint Petersburg,Florida,33710,South,OFF-PA-10002581,Office Supplies,Paper,Xerox 1951,173.488,7,0.2,54.215
9817,CA-2015-162201,6/8/2015,6/12/2015,Standard Class,AG-10495,Andrew Gjertsen,Corporate,United States,Saint Petersburg,Florida,33710,South,OFF-ST-10000046,Office Supplies,Storage,Fellowes Super Stor/Drawer Files,516.96,4,0.2,-6.462
9818,CA-2015-162201,6/8/2015,6/12/2015,Standard Class,AG-10495,Andrew Gjertsen,Corporate,United States,Saint Petersburg,Florida,33710,South,FUR-FU-10001185,Furniture,Furnishings,"Advantus Employee of the Month Certificate Frame, 11 x 13-1/2",173.208,7,0.2,45.4671
9819,CA-2015-162201,6/8/2015,6/12/2015,Standard Class,AG-10495,Andrew Gjertsen,Corporate,United States,Saint Petersburg,Florida,33710,South,OFF-AR-10003856,Office Supplies,Art,Newell 344,4.448,2,0.2,0.3336
9820,CA-2015-162201,6/8/2015,6/12/2015,Standard Class,AG-10495,Andrew Gjertsen,Corporate,United States,Saint Petersburg,Florida,33710,South,OFF-LA-10001982,Office Supplies,Labels,Smead Alpha-Z Color-Coded Name Labels First Letter Starter Set,9,3,0.2,3.15
9821,CA-2015-162201,6/8/2015,6/12/2015,Standard Class,AG-10495,Andrew Gjertsen,Corporate,United States,Saint Petersburg,Florida,33710,South,OFF-PA-10001215,Office Supplies,Paper,Xerox 1963,42.24,10,0.2,13.2
9822,CA-2015-162201,6/8/2015,6/12/2015,Standard Class,AG-10495,Andrew Gjertsen,Corporate,United States,Saint Petersburg,Florida,33710,South,OFF-BI-10002429,Office Supplies,Binders,"Premier Elliptical Ring Binder, Black",18.264,2,0.7,-13.3936
9823,US-2014-164406,8/15/2014,8/19/2014,Standard Class,BD-11605,Brian Dahlen,Consumer,United States,San Francisco,California,94122,West,OFF-AP-10003287,Office Supplies,Appliances,Tripp Lite TLP810NET Broadband Surge for Modem/Fax,152.91,3,0,42.8148
9824,US-2014-164406,8/15/2014,8/19/2014,Standard Class,BD-11605,Brian Dahlen,Consumer,United States,San Francisco,California,94122,West,OFF-PA-10000167,Office Supplies,Paper,Xerox 1925,92.94,3,0,41.823
9825,US-2014-164406,8/15/2014,8/19/2014,Standard Class,BD-11605,Brian Dahlen,Consumer,United States,San Francisco,California,94122,West,OFF-BI-10002309,Office Supplies,Binders,Avery Heavy-Duty EZD  Binder With Locking Rings,17.856,4,0.2,6.2496
9826,US-2014-164406,8/15/2014,8/19/2014,Standard Class,BD-11605,Brian Dahlen,Consumer,United States,San Francisco,California,94122,West,OFF-BI-10003638,Office Supplies,Binders,GBC Durable Plastic Covers,46.44,3,0.2,15.093
9827,US-2014-164406,8/15/2014,8/19/2014,Standard Class,BD-11605,Brian Dahlen,Consumer,United States,San Francisco,California,94122,West,FUR-CH-10003833,Furniture,Chairs,Novimex Fabric Task Chair,195.136,4,0.2,-12.196
9828,CA-2017-169999,6/19/2017,6/26/2017,Standard Class,JS-15685,Jim Sink,Corporate,United States,New York City,New York,10035,East,OFF-ST-10001511,Office Supplies,Storage,Space Solutions Commercial Steel Shelving,129.3,2,0,6.465
9829,CA-2017-169999,6/19/2017,6/26/2017,Standard Class,JS-15685,Jim Sink,Corporate,United States,New York City,New York,10035,East,OFF-BI-10004728,Office Supplies,Binders,Wilson Jones Turn Tabs Binder Tool for Ring Binders,11.568,3,0.2,3.7596
9830,US-2017-152842,7/16/2017,7/23/2017,Standard Class,NF-18385,Natalie Fritzler,Consumer,United States,Charlotte,North Carolina,28205,South,FUR-CH-10004218,Furniture,Chairs,"Global Fabric Manager's Chair, Dark Gray",242.352,3,0.2,15.147
9831,CA-2014-113257,12/16/2014,12/18/2014,Second Class,SC-20305,Sean Christensen,Consumer,United States,Beaumont,Texas,77705,Central,TEC-AC-10004171,Technology,Accessories,Razer Kraken 7.1 Surround Sound Over Ear USB Gaming Headset,319.968,4,0.2,95.9904
9832,CA-2014-113257,12/16/2014,12/18/2014,Second Class,SC-20305,Sean Christensen,Consumer,United States,Beaumont,Texas,77705,Central,FUR-FU-10001706,Furniture,Furnishings,Longer-Life Soft White Bulbs,8.624,7,0.6,-2.5872
9833,CA-2014-133963,5/18/2014,5/22/2014,Second Class,GA-14515,George Ashbrook,Consumer,United States,Dallas,Texas,75220,Central,OFF-PA-10001526,Office Supplies,Paper,Xerox 1949,3.984,1,0.2,1.4442
9834,CA-2017-130302,9/14/2017,9/19/2017,Standard Class,CY-12745,Craig Yedwab,Corporate,United States,Springfield,Ohio,45503,East,TEC-AC-10002001,Technology,Accessories,Logitech Wireless Gaming Headset G930,895.944,7,0.2,190.3881
9835,CA-2016-126627,10/10/2016,10/12/2016,First Class,WB-21850,William Brown,Consumer,United States,La Porte,Texas,77571,Central,FUR-FU-10004963,Furniture,Furnishings,"Eldon 400 Class Desk Accessories, Black Carbon",14,4,0.6,-6.3
9836,CA-2016-126627,10/10/2016,10/12/2016,First Class,WB-21850,William Brown,Consumer,United States,La Porte,Texas,77571,Central,OFF-BI-10001597,Office Supplies,Binders,"Wilson Jones Ledger-Size, Piano-Hinge Binder, 2"", Blue",16.392,2,0.8,-26.2272
9837,US-2016-125402,9/25/2016,10/1/2016,Standard Class,DL-12865,Dan Lawera,Consumer,United States,Long Beach,California,90805,West,OFF-PA-10000141,Office Supplies,Paper,"Ampad Evidence Wirebond Steno Books, 6"" x 9""",10.9,5,0,5.123
9838,US-2016-125402,9/25/2016,10/1/2016,Standard Class,DL-12865,Dan Lawera,Consumer,United States,Long Beach,California,90805,West,OFF-LA-10003923,Office Supplies,Labels,Alphabetical Labels for Top Tab Filing,29.6,2,0,14.8
9839,US-2016-125402,9/25/2016,10/1/2016,Standard Class,DL-12865,Dan Lawera,Consumer,United States,Long Beach,California,90805,West,OFF-LA-10001771,Office Supplies,Labels,Avery 513,4.98,1,0,2.2908
9840,US-2016-125402,9/25/2016,10/1/2016,Standard Class,DL-12865,Dan Lawera,Consumer,United States,Long Beach,California,90805,West,TEC-CO-10001943,Technology,Copiers,Canon PC-428 Personal Copier,479.976,3,0.2,161.9919
9841,US-2016-125402,9/25/2016,10/1/2016,Standard Class,DL-12865,Dan Lawera,Consumer,United States,Long Beach,California,90805,West,TEC-PH-10003356,Technology,Phones,"SmartStand Mobile Device Holder, Assorted Colors",44.736,8,0.2,4.4736
9842,US-2016-125402,9/25/2016,10/1/2016,Standard Class,DL-12865,Dan Lawera,Consumer,United States,Long Beach,California,90805,West,OFF-AR-10002255,Office Supplies,Art,Newell 346,5.76,2,0,1.6704
9843,US-2016-125402,9/25/2016,10/1/2016,Standard Class,DL-12865,Dan Lawera,Consumer,United States,Long Beach,California,90805,West,FUR-CH-10000665,Furniture,Chairs,"Global Airflow Leather Mesh Back Chair, Black",483.136,4,0.2,60.392
9844,CA-2014-163867,6/3/2014,6/6/2014,First Class,RE-19450,Richard Eichhorn,Consumer,United States,Decatur,Illinois,62521,Central,OFF-LA-10001771,Office Supplies,Labels,Avery 513,15.936,4,0.2,5.1792
9845,CA-2014-163867,6/3/2014,6/6/2014,First Class,RE-19450,Richard Eichhorn,Consumer,United States,Decatur,Illinois,62521,Central,FUR-FU-10001475,Furniture,Furnishings,"Contract Clock, 14"", Brown",61.544,7,0.6,-40.0036
9846,CA-2014-163867,6/3/2014,6/6/2014,First Class,RE-19450,Richard Eichhorn,Consumer,United States,Decatur,Illinois,62521,Central,OFF-ST-10000877,Office Supplies,Storage,Recycled Steel Personal File for Standard File Folders,132.696,3,0.2,9.9522
9847,CA-2017-169327,9/2/2017,9/4/2017,Second Class,MH-17290,Marc Harrigan,Home Office,United States,Los Angeles,California,90008,West,OFF-AP-10001492,Office Supplies,Appliances,"Acco Six-Outlet Power Strip, 4' Cord Length",43.1,5,0,11.206
9848,CA-2017-169327,9/2/2017,9/4/2017,Second Class,MH-17290,Marc Harrigan,Home Office,United States,Los Angeles,California,90008,West,FUR-FU-10004188,Furniture,Furnishings,Luxo Professional Combination Clamp-On Lamps,511.5,5,0,132.99
9849,CA-2017-169327,9/2/2017,9/4/2017,Second Class,MH-17290,Marc Harrigan,Home Office,United States,Los Angeles,California,90008,West,OFF-BI-10004330,Office Supplies,Binders,"GBC Velobind Prepunched Cover Sets, Regency Series",147.92,5,0.2,46.225
9850,CA-2014-142979,4/12/2014,4/18/2014,Standard Class,EH-13765,Edward Hooks,Corporate,United States,Lodi,California,95240,West,OFF-AR-10002987,Office Supplies,Art,Prismacolor Color Pencil Set,39.68,2,0,16.2688
9851,CA-2016-158155,5/2/2016,5/6/2016,Standard Class,EH-13765,Edward Hooks,Corporate,United States,New York City,New York,10009,East,FUR-FU-10000732,Furniture,Furnishings,Eldon 200 Class Desk Accessories,12.56,2,0,4.0192
9852,CA-2016-158155,5/2/2016,5/6/2016,Standard Class,EH-13765,Edward Hooks,Corporate,United States,New York City,New York,10009,East,OFF-BI-10001670,Office Supplies,Binders,Vinyl Sectional Post Binders,90.48,3,0.2,33.93
9853,CA-2016-158155,5/2/2016,5/6/2016,Standard Class,EH-13765,Edward Hooks,Corporate,United States,New York City,New York,10009,East,OFF-PA-10000533,Office Supplies,Paper,Southworth Parchment Paper & Envelopes,13.08,2,0,6.0168
9854,CA-2016-158155,5/2/2016,5/6/2016,Standard Class,EH-13765,Edward Hooks,Corporate,United States,New York City,New York,10009,East,FUR-FU-10002253,Furniture,Furnishings,"Howard Miller 13"" Diameter Pewter Finish Round Wall Clock",214.7,5,0,83.733
9855,CA-2017-138870,6/19/2017,6/23/2017,Standard Class,GA-14515,George Ashbrook,Consumer,United States,San Francisco,California,94109,West,FUR-FU-10002396,Furniture,Furnishings,"DAX Copper Panel Document Frame, 5 x 7 Size",50.32,4,0,21.1344
9856,CA-2017-138870,6/19/2017,6/23/2017,Standard Class,GA-14515,George Ashbrook,Consumer,United States,San Francisco,California,94109,West,OFF-PA-10004438,Office Supplies,Paper,Xerox 1907,24.56,2,0,11.5432
9857,CA-2014-120950,11/6/2014,11/11/2014,Standard Class,GA-14515,George Ashbrook,Consumer,United States,Columbus,Georgia,31907,South,OFF-PA-10000587,Office Supplies,Paper,"Array Parchment Paper, Assorted Colors",43.68,6,0,20.9664
9858,CA-2015-164301,3/26/2015,3/30/2015,Standard Class,EB-13840,Ellis Ballard,Corporate,United States,Seattle,Washington,98103,West,FUR-TA-10001889,Furniture,Tables,Bush Advantage Collection Racetrack Conference Table,3393.68,8,0,610.8624
9859,CA-2017-113278,1/14/2017,1/20/2017,Standard Class,HR-14770,Hallie Redmond,Home Office,United States,Richmond,Indiana,47374,Central,OFF-ST-10001590,Office Supplies,Storage,"Tenex Personal Project File with Scoop Front Design, Black",67.4,5,0,17.524
9860,CA-2017-113278,1/14/2017,1/20/2017,Standard Class,HR-14770,Hallie Redmond,Home Office,United States,Richmond,Indiana,47374,Central,OFF-FA-10003472,Office Supplies,Fasteners,Bagged Rubber Bands,2.52,2,0,0.1008
9861,CA-2017-113278,1/14/2017,1/20/2017,Standard Class,HR-14770,Hallie Redmond,Home Office,United States,Richmond,Indiana,47374,Central,TEC-PH-10000169,Technology,Phones,ARKON Windshield Dashboard Air Vent Car Mount Holder,67.8,4,0,1.356
9862,CA-2017-113278,1/14/2017,1/20/2017,Standard Class,HR-14770,Hallie Redmond,Home Office,United States,Richmond,Indiana,47374,Central,OFF-ST-10002562,Office Supplies,Storage,Staple magnet,18.76,2,0,5.2528
9863,CA-2017-113278,1/14/2017,1/20/2017,Standard Class,HR-14770,Hallie Redmond,Home Office,United States,Richmond,Indiana,47374,Central,TEC-AC-10001445,Technology,Accessories,Imation USB 2.0 Swivel Flash Drive USB flash drive - 4 GB - Pink,12.12,4,0,2.5452
9864,CA-2017-113278,1/14/2017,1/20/2017,Standard Class,HR-14770,Hallie Redmond,Home Office,United States,Richmond,Indiana,47374,Central,OFF-PA-10004156,Office Supplies,Paper,Xerox 188,11.34,1,0,5.5566
9865,CA-2017-113278,1/14/2017,1/20/2017,Standard Class,HR-14770,Hallie Redmond,Home Office,United States,Richmond,Indiana,47374,Central,TEC-AC-10004469,Technology,Accessories,Microsoft Sculpt Comfort Mouse,159.8,4,0,70.312
9866,CA-2017-113278,1/14/2017,1/20/2017,Standard Class,HR-14770,Hallie Redmond,Home Office,United States,Richmond,Indiana,47374,Central,FUR-FU-10001037,Furniture,Furnishings,"DAX Charcoal/Nickel-Tone Document Frame, 5 x 7",18.96,2,0,8.532
9867,US-2015-116981,3/26/2015,3/28/2015,Second Class,SM-20950,Suzanne McNair,Corporate,United States,New York City,New York,10009,East,OFF-ST-10002615,Office Supplies,Storage,"Dual Level, Single-Width Filing Carts",1085.42,7,0,282.2092
9868,US-2015-116981,3/26/2015,3/28/2015,Second Class,SM-20950,Suzanne McNair,Corporate,United States,New York City,New York,10009,East,OFF-AP-10000595,Office Supplies,Appliances,Disposable Triple-Filter Dust Bags,13.11,3,0,3.4086
9869,CA-2014-114195,11/1/2014,11/3/2014,First Class,EA-14035,Erin Ashbrook,Corporate,United States,Mason,Ohio,45040,East,FUR-FU-10002253,Furniture,Furnishings,"Howard Miller 13"" Diameter Pewter Finish Round Wall Clock",68.704,2,0.2,16.3172
9870,CA-2014-114195,11/1/2014,11/3/2014,First Class,EA-14035,Erin Ashbrook,Corporate,United States,Mason,Ohio,45040,East,OFF-BI-10000494,Office Supplies,Binders,Acco Economy Flexible Poly Round Ring Binder,3.132,2,0.7,-2.61
9871,CA-2014-114195,11/1/2014,11/3/2014,First Class,EA-14035,Erin Ashbrook,Corporate,United States,Mason,Ohio,45040,East,OFF-BI-10001658,Office Supplies,Binders,GBC Standard Therm-A-Bind Covers,22.428,3,0.7,-17.9424
9872,CA-2017-146269,10/6/2017,10/6/2017,Same Day,MH-17455,Mark Hamilton,Consumer,United States,Chicago,Illinois,60623,Central,OFF-ST-10003208,Office Supplies,Storage,Adjustable Depth Letter/Legal Cart,290.336,2,0.2,32.6628
9873,CA-2017-146269,10/6/2017,10/6/2017,Same Day,MH-17455,Mark Hamilton,Consumer,United States,Chicago,Illinois,60623,Central,OFF-AR-10004790,Office Supplies,Art,Staples in misc. colors,19.152,2,0.2,1.197
9874,CA-2016-100587,12/10/2016,12/14/2016,Standard Class,SL-20155,Sara Luxemburg,Home Office,United States,New York City,New York,10024,East,OFF-PA-10004609,Office Supplies,Paper,Xerox 221,6.48,1,0,3.1104
9875,CA-2016-166653,9/22/2016,9/24/2016,Second Class,NP-18685,Nora Pelletier,Home Office,United States,Parma,Ohio,44134,East,OFF-EN-10003055,Office Supplies,Envelopes,"Blue String-Tie & Button Interoffice Envelopes, 10 x 13",63.968,2,0.2,19.99
9876,CA-2015-130855,12/29/2015,1/5/2016,Standard Class,RF-19840,Roy Französisch,Consumer,United States,New York City,New York,10035,East,OFF-SU-10003936,Office Supplies,Supplies,Acme Serrated Blade Letter Opener,6.36,2,0,0.0636
9877,US-2017-166324,4/20/2017,4/21/2017,First Class,BE-11455,Brad Eason,Home Office,United States,Cleveland,Ohio,44105,East,OFF-ST-10000078,Office Supplies,Storage,Tennsco 6- and 18-Compartment Lockers,848.544,4,0.2,-21.2136
9878,US-2017-166324,4/20/2017,4/21/2017,First Class,BE-11455,Brad Eason,Home Office,United States,Cleveland,Ohio,44105,East,OFF-BI-10000174,Office Supplies,Binders,"Wilson Jones Clip & Carry Folder Binder Tool for Ring Binders, Clear",8.7,5,0.7,-6.38
9879,US-2017-166324,4/20/2017,4/21/2017,First Class,BE-11455,Brad Eason,Home Office,United States,Cleveland,Ohio,44105,East,TEC-PH-10004080,Technology,Phones,Avaya 5410 Digital phone,122.382,3,0.4,-24.4764
9880,CA-2016-122581,8/21/2016,8/25/2016,Standard Class,JK-15370,Jay Kimmel,Consumer,United States,New York City,New York,10035,East,FUR-CH-10002961,Furniture,Chairs,"Leather Task Chair, Black",573.174,7,0.1,63.686
9881,CA-2015-104297,5/29/2015,5/31/2015,First Class,CC-12100,Chad Cunningham,Home Office,United States,Cleveland,Ohio,44105,East,OFF-PA-10000474,Office Supplies,Paper,Easy-staple paper,85.056,3,0.2,28.7064
9882,CA-2014-153927,8/12/2014,8/13/2014,First Class,LL-16840,Lauren Leatherbury,Consumer,United States,Woodstock,Georgia,30188,South,OFF-BI-10000138,Office Supplies,Binders,Acco Translucent Poly Ring Binders,14.04,3,0,6.7392
9883,CA-2014-153927,8/12/2014,8/13/2014,First Class,LL-16840,Lauren Leatherbury,Consumer,United States,Woodstock,Georgia,30188,South,TEC-AC-10000023,Technology,Accessories,"Maxell 74 Minute CD-R Spindle, 50/Pack",272.61,13,0,98.1396
9884,CA-2014-112291,4/3/2014,4/8/2014,Standard Class,KE-16420,Katrina Edelman,Corporate,United States,Los Angeles,California,90008,West,OFF-EN-10001415,Office Supplies,Envelopes,Staple envelope,11.16,2,0,5.58
9885,CA-2014-112291,4/3/2014,4/8/2014,Standard Class,KE-16420,Katrina Edelman,Corporate,United States,Los Angeles,California,90008,West,TEC-AC-10001284,Technology,Accessories,Enermax Briskie RF Wireless Keyboard and Mouse Combo,62.31,3,0,22.4316
9886,CA-2014-112291,4/3/2014,4/8/2014,Standard Class,KE-16420,Katrina Edelman,Corporate,United States,Los Angeles,California,90008,West,TEC-AC-10000736,Technology,Accessories,Logitech G600 MMO Gaming Mouse,159.98,2,0,57.5928
9887,CA-2014-146997,1/23/2014,1/27/2014,Standard Class,SG-20605,Speros Goranitis,Consumer,United States,Lafayette,Indiana,47905,Central,OFF-FA-10003467,Office Supplies,Fasteners,"Alliance Big Bands Rubber Bands, 12/Pack",5.94,3,0,0
9888,CA-2017-169607,10/12/2017,10/15/2017,First Class,CA-12265,Christina Anderson,Consumer,United States,New York City,New York,10024,East,OFF-PA-10000477,Office Supplies,Paper,Xerox 1952,9.96,2,0,4.6812
9889,CA-2015-127544,8/8/2015,8/12/2015,Standard Class,RD-19585,Rob Dowd,Consumer,United States,Utica,New York,13501,East,TEC-AC-10000736,Technology,Accessories,Logitech G600 MMO Gaming Mouse,79.99,1,0,28.7964
9890,CA-2017-166499,3/19/2017,3/20/2017,First Class,VG-21805,Vivek Grady,Corporate,United States,Lakewood,New Jersey,8701,East,OFF-AR-10002467,Office Supplies,Art,Dixon Ticonderoga Pencils,8.94,3,0,2.4138
9891,US-2016-115441,7/25/2016,7/28/2016,Second Class,SH-19975,Sally Hughsby,Corporate,United States,Milwaukee,Wisconsin,53209,Central,OFF-PA-10004996,Office Supplies,Paper,"Speediset Carbonless Redi-Letter 7"" x 8 1/2""",20.62,2,0,9.6914
9892,US-2016-115441,7/25/2016,7/28/2016,Second Class,SH-19975,Sally Hughsby,Corporate,United States,Milwaukee,Wisconsin,53209,Central,TEC-AC-10003116,Technology,Accessories,Memorex Froggy Flash Drive 8 GB,124.25,7,0,48.4575
9893,US-2016-115441,7/25/2016,7/28/2016,Second Class,SH-19975,Sally Hughsby,Corporate,United States,Milwaukee,Wisconsin,53209,Central,TEC-PH-10002262,Technology,Phones,LG Electronics Tone+ HBS-730 Bluetooth Headset,297.55,5,0,83.314
9894,US-2016-115441,7/25/2016,7/28/2016,Second Class,SH-19975,Sally Hughsby,Corporate,United States,Milwaukee,Wisconsin,53209,Central,FUR-CH-10004626,Furniture,Chairs,Office Star Flex Back Scooter Chair with Aluminum Finish Frame,403.56,4,0,96.8544
9895,US-2016-115441,7/25/2016,7/28/2016,Second Class,SH-19975,Sally Hughsby,Corporate,United States,Milwaukee,Wisconsin,53209,Central,FUR-FU-10001756,Furniture,Furnishings,"Eldon Expressions Desk Accessory, Wood Photo Frame, Mahogany",95.2,5,0,27.608
9896,CA-2014-115049,9/26/2014,10/1/2014,Standard Class,MM-17920,Michael Moore,Consumer,United States,Chicago,Illinois,60623,Central,TEC-AC-10004859,Technology,Accessories,"Maxell Pro 80 Minute CD-R, 10/Pack",153.824,11,0.2,38.456
9897,CA-2014-156342,6/17/2014,6/20/2014,Second Class,JF-15415,Jennifer Ferguson,Consumer,United States,Chicago,Illinois,60653,Central,OFF-PA-10001725,Office Supplies,Paper,Xerox 1892,62.016,2,0.2,22.4808
9898,CA-2016-112830,6/6/2016,6/10/2016,Standard Class,LP-17095,Liz Preis,Consumer,United States,Fairfield,Ohio,45014,East,FUR-FU-10004306,Furniture,Furnishings,Electrix Halogen Magnifier Lamp,466.32,3,0.2,34.974
9899,CA-2016-112830,6/6/2016,6/10/2016,Standard Class,LP-17095,Liz Preis,Consumer,United States,Fairfield,Ohio,45014,East,FUR-FU-10004845,Furniture,Furnishings,"Deflect-o EconoMat Nonstudded, No Bevel Mat",82.64,2,0.2,0
9900,US-2014-117380,3/28/2014,4/3/2014,Standard Class,MP-18175,Mike Pelletier,Home Office,United States,Springfield,Ohio,45503,East,FUR-TA-10000198,Furniture,Tables,Chromcraft Bull-Nose Wood Oval Conference Tables & Bases,330.588,1,0.4,-143.2548
9901,CA-2017-117646,8/21/2017,8/25/2017,Standard Class,SC-20845,Sung Chung,Consumer,United States,Louisville,Colorado,80027,West,OFF-ST-10000036,Office Supplies,Storage,"Recycled Data-Pak for Archival Bound Computer Printouts, 12-1/2 x 12-1/2 x 16",237.096,3,0.2,20.7459
9902,CA-2017-117646,8/21/2017,8/25/2017,Standard Class,SC-20845,Sung Chung,Consumer,United States,Louisville,Colorado,80027,West,FUR-FU-10001037,Furniture,Furnishings,"DAX Charcoal/Nickel-Tone Document Frame, 5 x 7",22.752,3,0.2,7.11
9903,CA-2017-117646,8/21/2017,8/25/2017,Standard Class,SC-20845,Sung Chung,Consumer,United States,Louisville,Colorado,80027,West,OFF-PA-10001950,Office Supplies,Paper,Southworth 25% Cotton Antique Laid Paper & Envelopes,6.672,1,0.2,2.085
9904,CA-2014-122609,11/12/2014,11/18/2014,Standard Class,DP-13000,Darren Powers,Consumer,United States,Carrollton,Texas,75007,Central,FUR-FU-10004587,Furniture,Furnishings,"GE General Use Halogen Bulbs, 100 Watts, 1 Bulb per Pack",25.128,3,0.6,-6.9102
9905,CA-2014-122609,11/12/2014,11/18/2014,Standard Class,DP-13000,Darren Powers,Consumer,United States,Carrollton,Texas,75007,Central,TEC-AC-10002567,Technology,Accessories,Logitech G602 Wireless Gaming Mouse,127.984,2,0.2,25.5968
9906,US-2015-129007,9/13/2015,9/15/2015,First Class,KD-16615,Ken Dana,Corporate,United States,Anaheim,California,92804,West,FUR-FU-10004973,Furniture,Furnishings,Flat Face Poster Frame,131.88,7,0,55.3896
9907,US-2015-129007,9/13/2015,9/15/2015,First Class,KD-16615,Ken Dana,Corporate,United States,Anaheim,California,92804,West,OFF-BI-10001628,Office Supplies,Binders,"Acco Data Flex Cable Posts For Top & Bottom Load Binders, 6"" Capacity",25.032,3,0.2,7.8225
9908,US-2015-129007,9/13/2015,9/15/2015,First Class,KD-16615,Ken Dana,Corporate,United States,Anaheim,California,92804,West,FUR-CH-10000155,Furniture,Chairs,Global Comet Stacking Armless Chair,717.72,3,0.2,71.772
9909,US-2015-129007,9/13/2015,9/15/2015,First Class,KD-16615,Ken Dana,Corporate,United States,Anaheim,California,92804,West,FUR-FU-10002379,Furniture,Furnishings,Eldon Econocleat Chair Mats for Low Pile Carpets,207.35,5,0,24.882
9910,US-2015-129007,9/13/2015,9/15/2015,First Class,KD-16615,Ken Dana,Corporate,United States,Anaheim,California,92804,West,FUR-FU-10004018,Furniture,Furnishings,Tensor Computer Mounted Lamp,44.67,3,0,12.0609
9911,US-2015-129007,9/13/2015,9/15/2015,First Class,KD-16615,Ken Dana,Corporate,United States,Anaheim,California,92804,West,OFF-PA-10000994,Office Supplies,Paper,Xerox 1915,209.7,2,0,100.656
9912,US-2014-157231,4/5/2014,4/9/2014,Standard Class,RP-19855,Roy Phan,Corporate,United States,Richmond,Kentucky,40475,South,OFF-BI-10002852,Office Supplies,Binders,Ibico Standard Transparent Covers,115.36,7,0,56.5264
9913,CA-2015-132388,10/10/2015,10/12/2015,First Class,KN-16390,Katherine Nockton,Corporate,United States,Santa Barbara,California,93101,West,FUR-CH-10001714,Furniture,Chairs,"Global Leather & Oak Executive Chair, Burgundy",362.136,3,0.2,-54.3204
9914,CA-2015-132388,10/10/2015,10/12/2015,First Class,KN-16390,Katherine Nockton,Corporate,United States,Santa Barbara,California,93101,West,OFF-LA-10000414,Office Supplies,Labels,Avery 503,31.05,3,0,14.904
9915,CA-2017-160927,1/29/2017,1/31/2017,Second Class,TM-21010,Tamara Manning,Consumer,United States,Marion,Iowa,52302,Central,OFF-PA-10003848,Office Supplies,Paper,Xerox 1997,12.96,2,0,6.2208
9916,CA-2017-160927,1/29/2017,1/31/2017,Second Class,TM-21010,Tamara Manning,Consumer,United States,Marion,Iowa,52302,Central,OFF-PA-10000176,Office Supplies,Paper,Xerox 1887,94.85,5,0,45.528
9917,CA-2017-160927,1/29/2017,1/31/2017,Second Class,TM-21010,Tamara Manning,Consumer,United States,Marion,Iowa,52302,Central,OFF-ST-10001590,Office Supplies,Storage,"Tenex Personal Project File with Scoop Front Design, Black",13.48,1,0,3.5048
9918,CA-2017-160927,1/29/2017,1/31/2017,Second Class,TM-21010,Tamara Manning,Consumer,United States,Marion,Iowa,52302,Central,FUR-FU-10000010,Furniture,Furnishings,"DAX Value U-Channel Document Frames, Easel Back",14.91,3,0,4.6221
9919,CA-2015-105508,9/24/2015,9/29/2015,Standard Class,JF-15190,Jamie Frazer,Consumer,United States,New York City,New York,10035,East,OFF-EN-10003055,Office Supplies,Envelopes,"Blue String-Tie & Button Interoffice Envelopes, 10 x 13",39.98,1,0,17.991
9920,CA-2016-149272,3/15/2016,3/19/2016,Standard Class,MY-18295,Muhammed Yedwab,Corporate,United States,Bryan,Texas,77803,Central,FUR-CH-10000863,Furniture,Chairs,Novimex Swivel Fabric Task Chair,528.43,5,0.3,-143.431
9921,CA-2016-149272,3/15/2016,3/19/2016,Standard Class,MY-18295,Muhammed Yedwab,Corporate,United States,Bryan,Texas,77803,Central,OFF-BI-10004233,Office Supplies,Binders,"GBC Pre-Punched Binding Paper, Plastic, White, 8-1/2"" x 11""",22.386,7,0.8,-35.8176
9922,CA-2014-111360,11/24/2014,11/30/2014,Standard Class,AT-10435,Alyssa Tate,Home Office,United States,Akron,Ohio,44312,East,OFF-BI-10003350,Office Supplies,Binders,Acco Expandable Hanging Binders,5.742,3,0.7,-4.5936
9923,US-2017-162124,5/6/2017,5/10/2017,Standard Class,JF-15490,Jeremy Farry,Consumer,United States,Chicago,Illinois,60653,Central,TEC-AC-10001990,Technology,Accessories,Kensington Orbit Wireless Mobile Trackball for PC and Mac,191.968,4,0.2,28.7952
9924,CA-2015-159534,3/20/2015,3/23/2015,First Class,DH-13075,Dave Hallsten,Corporate,United States,New York City,New York,10035,East,OFF-BI-10003982,Office Supplies,Binders,Wilson Jones Century Plastic Molded Ring Binders,49.848,3,0.2,16.8237
9925,CA-2015-159534,3/20/2015,3/23/2015,First Class,DH-13075,Dave Hallsten,Corporate,United States,New York City,New York,10035,East,OFF-EN-10004386,Office Supplies,Envelopes,"Recycled Interoffice Envelopes with String and Button Closure, 10 x 13",23.99,1,0,11.995
9926,CA-2015-159534,3/20/2015,3/23/2015,First Class,DH-13075,Dave Hallsten,Corporate,United States,New York City,New York,10035,East,OFF-BI-10003656,Office Supplies,Binders,Fellowes PB200 Plastic Comb Binding Machine,1087.936,8,0.2,353.5792
9927,CA-2015-159534,3/20/2015,3/23/2015,First Class,DH-13075,Dave Hallsten,Corporate,United States,New York City,New York,10035,East,TEC-PH-10002310,Technology,Phones,Panasonic KX T7731-B Digital phone,199.98,2,0,53.9946
9928,CA-2015-159534,3/20/2015,3/23/2015,First Class,DH-13075,Dave Hallsten,Corporate,United States,New York City,New York,10035,East,OFF-ST-10001172,Office Supplies,Storage,"Tennsco Lockers, Sand",83.92,4,0,20.1408
9929,CA-2016-129630,9/4/2016,9/4/2016,Same Day,IM-15055,Ionia McGrath,Consumer,United States,San Francisco,California,94122,West,FUR-FU-10000260,Furniture,Furnishings,"6"" Cubicle Wall Clock, Black",24.27,3,0,8.7372
9930,CA-2016-129630,9/4/2016,9/4/2016,Same Day,IM-15055,Ionia McGrath,Consumer,United States,San Francisco,California,94122,West,TEC-CO-10003763,Technology,Copiers,Canon PC1060 Personal Laser Copier,2799.96,5,0.2,944.9865
9931,CA-2015-104948,11/13/2015,11/17/2015,Standard Class,KH-16510,Keith Herrera,Consumer,United States,San Bernardino,California,92404,West,OFF-BI-10001267,Office Supplies,Binders,"Universal Recycled Hanging Pressboard Report Binders, Letter Size",9.872,2,0.2,3.4552
9932,CA-2015-104948,11/13/2015,11/17/2015,Standard Class,KH-16510,Keith Herrera,Consumer,United States,San Bernardino,California,92404,West,FUR-BO-10004357,Furniture,Bookcases,O'Sullivan Living Dimensions 3-Shelf Bookcases,683.332,4,0.15,-40.196
9933,CA-2015-104948,11/13/2015,11/17/2015,Standard Class,KH-16510,Keith Herrera,Consumer,United States,San Bernardino,California,92404,West,OFF-PA-10004610,Office Supplies,Paper,Xerox 1900,29.96,7,0,13.482
9934,CA-2014-166555,7/11/2014,7/14/2014,First Class,JK-15205,Jamie Kunitz,Consumer,United States,Niagara Falls,New York,14304,East,TEC-PH-10004912,Technology,Phones,Cisco SPA112 2 Port Phone Adapter,164.85,3,0,47.8065
9935,CA-2016-114405,4/7/2016,4/12/2016,Standard Class,AS-10240,Alan Shonely,Consumer,United States,Philadelphia,Pennsylvania,19120,East,OFF-AP-10003278,Office Supplies,Appliances,Belkin 7-Outlet SurgeMaster Home Series,33.528,3,0.2,2.5146
9936,CA-2016-114405,4/7/2016,4/12/2016,Standard Class,AS-10240,Alan Shonely,Consumer,United States,Philadelphia,Pennsylvania,19120,East,OFF-ST-10001627,Office Supplies,Storage,Eldon Jumbo ProFile Portable File Boxes Graphite/Black,36.744,3,0.2,3.6744
9937,CA-2017-132955,6/24/2017,6/28/2017,Standard Class,SC-20575,Sonia Cooley,Consumer,United States,Cranston,Rhode Island,2920,East,OFF-BI-10002735,Office Supplies,Binders,GBC Prestige Therm-A-Bind Covers,102.93,3,0,48.3771
9938,CA-2016-164889,6/3/2016,6/6/2016,Second Class,CP-12340,Christine Phan,Corporate,United States,Los Angeles,California,90049,West,FUR-TA-10001676,Furniture,Tables,Hon 61000 Series Interactive Training Tables,71.088,2,0.2,-1.7772
9939,CA-2016-169824,12/12/2016,12/17/2016,Standard Class,NS-18640,Noel Staavos,Corporate,United States,New York City,New York,10009,East,FUR-FU-10004864,Furniture,Furnishings,Eldon 500 Class Desk Accessories,60.35,5,0,19.9155
9940,CA-2016-169824,12/12/2016,12/17/2016,Standard Class,NS-18640,Noel Staavos,Corporate,United States,New York City,New York,10009,East,OFF-SU-10000952,Office Supplies,Supplies,Fiskars Home & Office Scissors,35.52,4,0,9.9456
9941,CA-2016-169824,12/12/2016,12/17/2016,Standard Class,NS-18640,Noel Staavos,Corporate,United States,New York City,New York,10009,East,OFF-AR-10000462,Office Supplies,Art,Sanford Pocket Accent Highlighters,11.2,7,0,4.816
9942,CA-2017-164028,11/24/2017,11/30/2017,Standard Class,JL-15835,John Lee,Consumer,United States,San Francisco,California,94122,West,TEC-AC-10001772,Technology,Accessories,Memorex Mini Travel Drive 16 GB USB 2.0 Flash Drive,223.58,14,0,87.1962
9943,CA-2014-143371,12/28/2014,1/3/2015,Standard Class,MD-17350,Maribeth Dona,Consumer,United States,Anaheim,California,92804,West,OFF-ST-10001128,Office Supplies,Storage,"Carina Mini System Audio Rack, Model AR050B",998.82,9,0,29.9646
9944,CA-2014-143371,12/28/2014,1/3/2015,Standard Class,MD-17350,Maribeth Dona,Consumer,United States,Anaheim,California,92804,West,OFF-SU-10002537,Office Supplies,Supplies,Acme Box Cutter Scissors,51.15,5,0,13.299
9945,CA-2015-145415,4/12/2015,4/17/2015,Second Class,RD-19660,Robert Dilbeck,Home Office,United States,Seattle,Washington,98103,West,OFF-ST-10000419,Office Supplies,Storage,"Rogers Jumbo File, Granite",40.74,3,0,0.4074
9946,CA-2014-111157,3/2/2014,3/6/2014,Standard Class,NH-18610,Nicole Hansen,Corporate,United States,Philadelphia,Pennsylvania,19120,East,OFF-PA-10000327,Office Supplies,Paper,Xerox 1971,3.424,1,0.2,1.07
9947,CA-2014-111157,3/2/2014,3/6/2014,Standard Class,NH-18610,Nicole Hansen,Corporate,United States,Philadelphia,Pennsylvania,19120,East,TEC-AC-10004353,Technology,Accessories,Hypercom P1300 Pinpad,151.2,3,0.2,32.13
9948,CA-2017-121559,6/1/2017,6/3/2017,Second Class,HW-14935,Helen Wasserman,Corporate,United States,Indianapolis,Indiana,46203,Central,FUR-CH-10003746,Furniture,Chairs,Hon 4070 Series Pagoda Round Back Stacking Chairs,1925.88,6,0,539.2464
9949,CA-2017-121559,6/1/2017,6/3/2017,Second Class,HW-14935,Helen Wasserman,Corporate,United States,Indianapolis,Indiana,46203,Central,OFF-AP-10002945,Office Supplies,Appliances,Honeywell Enviracaire Portable HEPA Air Cleaner for 17' x 22' Room,2405.2,8,0,793.716
9950,CA-2017-121559,6/1/2017,6/3/2017,Second Class,HW-14935,Helen Wasserman,Corporate,United States,Indianapolis,Indiana,46203,Central,TEC-AC-10004568,Technology,Accessories,Maxell LTO Ultrium - 800 GB,83.97,3,0,15.9543
9951,CA-2017-121559,6/1/2017,6/3/2017,Second Class,HW-14935,Helen Wasserman,Corporate,United States,Indianapolis,Indiana,46203,Central,TEC-AC-10001714,Technology,Accessories,Logitech MX Performance Wireless Mouse,39.89,1,0,14.7593
9952,CA-2017-121559,6/1/2017,6/3/2017,Second Class,HW-14935,Helen Wasserman,Corporate,United States,Indianapolis,Indiana,46203,Central,OFF-BI-10002072,Office Supplies,Binders,Cardinal Slant-D Ring Binders,17.38,2,0,8.69
9953,CA-2015-141593,12/14/2015,12/16/2015,Second Class,DB-12970,Darren Budd,Corporate,United States,Los Angeles,California,90045,West,OFF-BI-10001153,Office Supplies,Binders,Ibico Recycled Grain-Textured Covers,55.264,2,0.2,20.724
9954,CA-2015-141593,12/14/2015,12/16/2015,Second Class,DB-12970,Darren Budd,Corporate,United States,Los Angeles,California,90045,West,OFF-PA-10004983,Office Supplies,Paper,Xerox 23,6.48,1,0,3.1104
9955,CA-2015-141593,12/14/2015,12/16/2015,Second Class,DB-12970,Darren Budd,Corporate,United States,Los Angeles,California,90045,West,OFF-BI-10000948,Office Supplies,Binders,"GBC Laser Imprintable Binding System Covers, Desert Sand",34.248,3,0.2,11.5587
9956,CA-2015-141593,12/14/2015,12/16/2015,Second Class,DB-12970,Darren Budd,Corporate,United States,Los Angeles,California,90045,West,FUR-TA-10002622,Furniture,Tables,"Bush Andora Conference Table, Maple/Graphite Gray Finish",273.568,2,0.2,10.2588
9957,US-2014-143287,11/11/2014,11/17/2014,Standard Class,KN-16705,Kristina Nunn,Home Office,United States,New Rochelle,New York,10801,East,OFF-PA-10001776,Office Supplies,Paper,"Wirebound Message Books, Four 2 3/4"" x 5"" Forms per Page, 600 Sets per Book",46.35,5,0,21.7845
9958,US-2014-143287,11/11/2014,11/17/2014,Standard Class,KN-16705,Kristina Nunn,Home Office,United States,New Rochelle,New York,10801,East,OFF-PA-10004039,Office Supplies,Paper,Xerox 1882,223.92,4,0,109.7208
9959,US-2014-143287,11/11/2014,11/17/2014,Standard Class,KN-16705,Kristina Nunn,Home Office,United States,New Rochelle,New York,10801,East,OFF-SU-10001574,Office Supplies,Supplies,Acme Value Line Scissors,7.3,2,0,2.19
9960,CA-2017-137421,10/6/2017,10/11/2017,Standard Class,AJ-10945,Ashley Jarboe,Consumer,United States,Chandler,Arizona,85224,West,OFF-AR-10001761,Office Supplies,Art,Avery Hi-Liter Smear-Safe Highlighters,9.344,2,0.2,1.8688
9961,CA-2017-141446,9/16/2017,9/18/2017,Second Class,CL-12700,Craig Leslie,Home Office,United States,Florence,Kentucky,41042,South,TEC-AC-10002305,Technology,Accessories,KeyTronic E03601U1 - Keyboard - Beige,18,1,0,3.24
9962,CA-2015-168088,3/19/2015,3/22/2015,First Class,CM-12655,Corinna Mitchell,Home Office,United States,Houston,Texas,77041,Central,OFF-PA-10000675,Office Supplies,Paper,Xerox 1919,65.584,2,0.2,23.7742
9963,CA-2015-168088,3/19/2015,3/22/2015,First Class,CM-12655,Corinna Mitchell,Home Office,United States,Houston,Texas,77041,Central,FUR-BO-10004218,Furniture,Bookcases,"Bush Heritage Pine Collection 5-Shelf Bookcase, Albany Pine Finish, *Special Order",383.4656,4,0.32,-67.6704
9964,CA-2015-143700,7/26/2015,7/26/2015,Same Day,AS-10240,Alan Shonely,Consumer,United States,Philadelphia,Pennsylvania,19140,East,OFF-PA-10003072,Office Supplies,Paper,"Eureka Recycled Copy Paper 8 1/2"" x 11"", Ream",10.368,2,0.2,3.6288
9965,CA-2016-146374,12/5/2016,12/10/2016,Second Class,HE-14800,Harold Engle,Corporate,United States,Newark,Delaware,19711,East,FUR-FU-10002671,Furniture,Furnishings,Electrix 20W Halogen Replacement Bulb for Zoom-In Desk Lamp,13.4,1,0,6.432
9966,CA-2016-146374,12/5/2016,12/10/2016,Second Class,HE-14800,Harold Engle,Corporate,United States,Newark,Delaware,19711,East,OFF-PA-10000349,Office Supplies,Paper,Easy-staple paper,4.98,1,0,2.3406
9967,CA-2016-146374,12/5/2016,12/10/2016,Second Class,HE-14800,Harold Engle,Corporate,United States,Newark,Delaware,19711,East,OFF-EN-10004483,Office Supplies,Envelopes,"#10 White Business Envelopes,4 1/8 x 9 1/2",109.69,7,0,51.5543
9968,CA-2017-153871,12/11/2017,12/17/2017,Standard Class,RB-19435,Richard Bierner,Consumer,United States,Plainfield,New Jersey,7060,East,OFF-BI-10004209,Office Supplies,Binders,"Fellowes Twister Kit, Gray/Clear, 3/pkg",40.2,5,0,18.09
9969,CA-2017-153871,12/11/2017,12/17/2017,Standard Class,RB-19435,Richard Bierner,Consumer,United States,Plainfield,New Jersey,7060,East,OFF-BI-10004600,Office Supplies,Binders,Ibico Ibimaster 300 Manual Binding System,735.98,2,0,331.191
9970,CA-2017-153871,12/11/2017,12/17/2017,Standard Class,RB-19435,Richard Bierner,Consumer,United States,Plainfield,New Jersey,7060,East,OFF-AP-10003622,Office Supplies,Appliances,"Bravo II Megaboss 12-Amp Hard Body Upright, Replacement Belts, 2 Belts per Pack",22.75,7,0,6.5975
9971,CA-2015-103772,6/28/2015,7/2/2015,Standard Class,MP-17470,Mark Packer,Home Office,United States,Smyrna,Georgia,30080,South,OFF-BI-10002867,Office Supplies,Binders,GBC Recycled Regency Composition Covers,119.56,2,0,54.9976
9972,CA-2015-103772,6/28/2015,7/2/2015,Standard Class,MP-17470,Mark Packer,Home Office,United States,Smyrna,Georgia,30080,South,OFF-AR-10000538,Office Supplies,Art,"Boston Model 1800 Electric Pencil Sharpener, Gray",140.75,5,0,42.225
9973,CA-2016-130225,9/11/2016,9/17/2016,Standard Class,RC-19960,Ryan Crowe,Consumer,United States,Houston,Texas,77041,Central,OFF-EN-10000056,Office Supplies,Envelopes,Cameo Buff Policy Envelopes,99.568,2,0.2,33.6042
9974,US-2016-103674,12/6/2016,12/10/2016,Standard Class,AP-10720,Anne Pryor,Home Office,United States,Los Angeles,California,90032,West,TEC-PH-10004080,Technology,Phones,Avaya 5410 Digital phone,271.96,5,0.2,27.196
9975,US-2016-103674,12/6/2016,12/10/2016,Standard Class,AP-10720,Anne Pryor,Home Office,United States,Los Angeles,California,90032,West,OFF-AR-10004752,Office Supplies,Art,Blackstonian Pencils,18.69,7,0,5.2332
9976,US-2016-103674,12/6/2016,12/10/2016,Standard Class,AP-10720,Anne Pryor,Home Office,United States,Los Angeles,California,90032,West,OFF-PA-10000743,Office Supplies,Paper,Xerox 1977,13.36,2,0,6.4128
9977,US-2016-103674,12/6/2016,12/10/2016,Standard Class,AP-10720,Anne Pryor,Home Office,United States,Los Angeles,California,90032,West,TEC-PH-10002496,Technology,Phones,Cisco SPA301,249.584,2,0.2,31.198
9978,US-2016-103674,12/6/2016,12/10/2016,Standard Class,AP-10720,Anne Pryor,Home Office,United States,Los Angeles,California,90032,West,OFF-FA-10003467,Office Supplies,Fasteners,"Alliance Big Bands Rubber Bands, 12/Pack",13.86,7,0,0
9979,US-2016-103674,12/6/2016,12/10/2016,Standard Class,AP-10720,Anne Pryor,Home Office,United States,Los Angeles,California,90032,West,OFF-BI-10003727,Office Supplies,Binders,Avery Durable Slant Ring Binders With Label Holder,13.376,4,0.2,4.6816
9980,US-2016-103674,12/6/2016,12/10/2016,Standard Class,AP-10720,Anne Pryor,Home Office,United States,Los Angeles,California,90032,West,OFF-BI-10002026,Office Supplies,Binders,Ibico Recycled Linen-Style Covers,437.472,14,0.2,153.1152
9981,US-2015-151435,9/6/2015,9/9/2015,Second Class,SW-20455,Shaun Weien,Consumer,United States,Lafayette,Louisiana,70506,South,FUR-TA-10001039,Furniture,Tables,KI Adjustable-Height Table,85.98,1,0,22.3548
9982,CA-2017-163566,8/3/2017,8/6/2017,First Class,TB-21055,Ted Butterfield,Consumer,United States,Fairfield,Ohio,45014,East,OFF-LA-10004484,Office Supplies,Labels,Avery 476,16.52,5,0.2,5.369
9983,US-2016-157728,9/22/2016,9/28/2016,Standard Class,RC-19960,Ryan Crowe,Consumer,United States,Grand Rapids,Michigan,49505,Central,OFF-PA-10002195,Office Supplies,Paper,"RSVP Cards & Envelopes, Blank White, 8-1/2"" X 11"", 24 Cards/25 Envelopes/Set",35.56,7,0,16.7132
9984,US-2016-157728,9/22/2016,9/28/2016,Standard Class,RC-19960,Ryan Crowe,Consumer,United States,Grand Rapids,Michigan,49505,Central,TEC-PH-10001305,Technology,Phones,Panasonic KX TS208W Corded phone,97.98,2,0,27.4344
9985,CA-2015-100251,5/17/2015,5/23/2015,Standard Class,DV-13465,Dianna Vittorini,Consumer,United States,Long Beach,New York,11561,East,OFF-LA-10003766,Office Supplies,Labels,Self-Adhesive Removable Labels,31.5,10,0,15.12
9986,CA-2015-100251,5/17/2015,5/23/2015,Standard Class,DV-13465,Dianna Vittorini,Consumer,United States,Long Beach,New York,11561,East,OFF-SU-10000898,Office Supplies,Supplies,"Acme Hot Forged Carbon Steel Scissors with Nickel-Plated Handles, 3 7/8"" Cut, 8""L",55.6,4,0,16.124
9987,CA-2016-125794,9/29/2016,10/3/2016,Standard Class,ML-17410,Maris LaWare,Consumer,United States,Los Angeles,California,90008,West,TEC-AC-10003399,Technology,Accessories,Memorex Mini Travel Drive 64 GB USB 2.0 Flash Drive,36.24,1,0,15.2208
9988,CA-2017-163629,11/17/2017,11/21/2017,Standard Class,RA-19885,Ruben Ausman,Corporate,United States,Athens,Georgia,30605,South,TEC-AC-10001539,Technology,Accessories,Logitech G430 Surround Sound Gaming Headset with Dolby 7.1 Technology,79.99,1,0,28.7964
9989,CA-2017-163629,11/17/2017,11/21/2017,Standard Class,RA-19885,Ruben Ausman,Corporate,United States,Athens,Georgia,30605,South,TEC-PH-10004006,Technology,Phones,Panasonic KX - TS880B Telephone,206.1,5,0,55.647
9990,CA-2014-110422,1/21/2014,1/23/2014,Second Class,TB-21400,Tom Boeckenhauer,Consumer,United States,Miami,Florida,33180,South,FUR-FU-10001889,Furniture,Furnishings,Ultra Door Pull Handle,25.248,3,0.2,4.1028
9991,CA-2017-121258,2/26/2017,3/3/2017,Standard Class,DB-13060,Dave Brooks,Consumer,United States,Costa Mesa,California,92627,West,FUR-FU-10000747,Furniture,Furnishings,Tenex B1-RE Series Chair Mats for Low Pile Carpets,91.96,2,0,15.6332
9992,CA-2017-121258,2/26/2017,3/3/2017,Standard Class,DB-13060,Dave Brooks,Consumer,United States,Costa Mesa,California,92627,West,TEC-PH-10003645,Technology,Phones,Aastra 57i VoIP phone,258.576,2,0.2,19.3932
9993,CA-2017-121258,2/26/2017,3/3/2017,Standard Class,DB-13060,Dave Brooks,Consumer,United States,Costa Mesa,California,92627,West,OFF-PA-10004041,Office Supplies,Paper,"It's Hot Message Books with Stickers, 2 3/4"" x 5""",29.6,4,0,13.32
9994,CA-2017-119914,5/4/2017,5/9/2017,Second Class,CC-12220,Chris Cortes,Consumer,United States,Westminster,California,92683,West,OFF-AP-10002684,Office Supplies,Appliances,"Acco 7-Outlet Masterpiece Power Center, Wihtout Fax/Phone Line Protection",243.16,2,0,72.948
